3232 5042
740 307 922 368 ..8-

250 469 294 532 mi
327 468 437 534 titulos
470 467 626 534 librorum
663 467 869 532 defensorum
905 465 957 530 vel
992 465 1181 552 simpliciter
1203 475 1380 550 congerunt
1392 466 1413 547 ¹)

249 566 335 649 vel²)
365 590 475 632 eorum
505 591 595 652 arga.
622 570 656 632 in
684 568 871 631 universum
901 567 1089 630 examinant
1115 575 1147 628 et
1168 563 1354 650 reprobant,
1375 588 1413 629 ea

250 667 387 752 indigna
409 669 626 746 aestimantes,
648 689 731 752 quae
754 665 881 752 singula
896 665 1128 751 perlustrantur
1143 672 1175 730 et
1190 663 1413 729 diiudicentur·

250 767 324 832 Hoc
354 768 447 833 modo
474 770 579 854 magis
606 769 775 855 magisque
803 768 922 848 evenit,
950 766 1034 853 quod
1067 764 1241 852 aliquando
1268 761 1412 830 futurum

250 888 320 932 esse
342 867 489 954 Hgstb.³)
512 868 689 956 praevidit;
712 877 743 931 et
765 874 847 947 sunt,
871 867 924 954 qui
945 867 1004 930 vix
1025 864 1088 930 sibi
1103 864 1254 930 dedecori
1273 874 1412 946 vertant,

250 990 285 1032 se
313 967 448 1034 ali0rum
476 967 576 1034 libros
603 991 668 1032 non
694 966 855 1053 legissel).
898 966 967 1030 Nec
993 989 1071 1031 vero
1105 965 1233 1040 desunt,
1263 967 1340 1051 quin
1367 965 1413 1030 ita

250 1077 361 1133 contra
386 1067 475 1152 leges
505 1067 670 1132 literarum
694 1067 909 1154 peccaverint,
931 1089 972 1130 ex
995 1088 1021 1130 c.
1046 1064 1183 1146 Tucha,
1208 1063 1368 1128 Schrader
1378 1065 1412 1140 6).

248 1201 290 1211 -
310 1164 401 1250 Ergo
423 1163 604 1250 postulatur
610 1171 634 1247 ,'
649 1185 689 1227 ne
717 1165 915 1228 conscientia
944 1163 1089 1228 literaria
1111 1173 1167 1228 aut
1190 1163 1411 1227 tantummodo

249 1275 314 1328 tam
337 1265 423 1328 acris
446 1286 543 1351 quam
566 1262 841 1344 adversariorum,
869 1271 925 1327 aut
953 1272 1021 1326 tam
1048 1261 1147 1326 hebes
1170 1263 1220 1343 sit,
1244 1281 1327 1349 quae
1348 1285 1412 1326 non

248 1359 378 1426 laudem
400 1361 747 1448 reprehensionemque
769 1361 902 1426 alterius
925 1363 1028 1446 partis
1051 1361 1177 1425 sentiat.
1353 1435 1356 1442 Ι

332 1461 388 1526 VI.
412 1459 494 1526 Cum
509 1462 617 1524 animo
634 1459 857 1541 deliberarem,
870 1469 977 1524 utrum
992 1482 1154 1545 argorum.
1163 1481 1264 1544 genus
1280 1457 1412 1538 (cf.IIl.)

248 1557 454 1623 tractandum
470 1558 633 1642 eligerem,
656 1557 830 1622 formales.
846 1557 988 1643 linguale
1008 1557 1158 1643 praetuli,
1180 1559 1301 1646 quippe
1317 1558 1414 1645 quod,

247 1656 323 1721 licet
352 1679 417 1722 non
444 1657 567 1742 primas
595 1655 811 1720 dubitationes
843 1655 884 1720 de
911 1656 1015 1721 Penti.
1043 1658 1166 1720 unitate
1193 1666 1224 1721 et
1246 1657 1413 1720 authentia

248 1755 394 1842 perfecta
416 1757 623 1836 excitaverit,
646 1777 700 1820 eas
723 1777 850 1820 summa
876 1757 910 1820 vi
939 1755 1208 1822 corroboraverit.
1229 1791 1271 1802 -
1291 1755 1336 1820 Et
1357 1758 1412 1821 tri-

249 1857 370 1940 partita
394 1854 476 1918 haec
510 1852 688 1939 disputatio
716 1855 773 1936 sit,
804 1875 887 1941 opus
910 1877 980 1918 esse
1001 1853 1148 1936 videtur,
1177 1863 1336 1940 occupata
1356 1854 1412 1920 illa

249 1955 390 2039 primum
411 1952 496 2017 illius
527 1955 608 2036 argi.
638 1954 774 2020 historia
797 1954 1035 2042 persequenda,
1059 1953 1176 2018 deinde
1197 1961 1315 2020 natura
1337 1977 1411 2020 con-

249 2051 432 2135 sideranda,
456 2051 594 2141 denique
616 2055 649 2118 vi
674 2053 938 2141 expanderanda.

668 2405 720 2515 Α.
756 2400 990 2516 Historia
1068 2513 1075 2526 .

452 2577 632 2661 argtmenti
654 2595 671 2645 e
693 2592 834 2646 sermone
856 2577 1046 2664 scriptorum
1067 2579 1205 2664 repetiti.

328 2761 351 2825 I.
381 2761 468 2837 Non,
500 2769 536 2824 ut
572 2767 606 2824 in
636 2765 734 2846 argis.
760 2784 830 2826 rem
859 2761 1081 2848 spectantibus
1110 2761 1153 2826 ad
1172 2763 1267 2828 Aban
1295 2765 1409 2844 Esrae,

246 2861 289 2924 ad
311 2862 525 2926 antecessoris
552 2861 736 2946 exemplum
763 2884 944 2947 provocans
971 2861 1146 2948 Spinoaa
1175 2868 1253 2929 1677
1265 2865 1289 2944 7)
1312 2885 1410 2952 expo·

246 2963 319 3043 suit,
342 2961 528 3047 discrepare
550 2961 661 3044 verba,
685 2960 830 3026 ordinem
851 2961 984 3056 negligi,
1006 2961 1160 3027 nonnulla
1180 2965 1293 3050 repeti.
1327 2965 1411 3030 Fere

246 3060 360 3126 eodem
383 3067 531 3146 tempore
562 3058 599 3124 R.
633 3060 794 3137 Simon⁸)
818 3083 858 3124 ex
881 3058 1053 3125 multorum
1074 3061 1241 3126 nominum
1263 3065 1410 3150 proprio·

244 3183 316 3224 rum
345 3159 519 3244 scriptione
546 3157 692 3240 diversa,
723 3157 986 3244 repetitionibus,
1018 3158 1131 3223 ordine
1151 3160 1295 3242 turbato,
1318 3165 1411 3230 vario

245 3257 310 3322 stili
332 3279 451 3344 genere
474 3279 564 3342 arga.
587 3259 691 3343 petiit,
713 3265 757 3339 ut,
780 3279 877 3341 quam
897 3258 1033 3322 formam
1054 3257 1186 3326 Pentua
1207 3283 1293 3334 nunc
1314 3263 1411 3326 refer-

244 3370 308 3435 ret,
338 3357 452 3422 eadem
483 3381 548 3422 non
576 3381 596 3421 a
617 3358 708 3422 Mose
735 3358 808 3444 ipso
830 3357 977 3423 indutum
1000 3382 1070 3423 esse
1094 3360 1282 3428 affirmaret.
1326 3363 1411 3430 Fere

242 3459 277 3522 in
298 3457 414 3522 iisdem
434 3459 539 3522 causis
563 3459 691 3522 criticos
715 3459 841 3544 priores
872 3458 1060 3542 offendisse,
1089 3459 1274 3526 Clericus
1299 3469 1376 3532 1693
1387 3457 1411 3539 9)

243 3568 275 3622 et
298 3555 449 3624 Semler
473 3557 602 3640 177310)
625 3557 808 3623 retulerunt.

324 3655 367 3723 II.
401 3655 467 3721 Sed
492 3656 558 3720 iam
585 3662 624 3722 20
655 3656 749 3720 annis
777 3665 851 3722 ante
889 3655 1083 3722 Astrucio
1124 3667 1257 3726 auctore
1289 3663 1324 3728 id
1360 3687 1410 3728 ar·

246 3813 455 3821 -=-—-·-—-——-

312 3907 336 3977 1)
355 3906 397 3962 De
416 3905 521 3968 wetha,
540 3903 643 3958 introd.
662 3907 678 3974 ᾗ
697 3907 745 3959 185
764 3920 786 3960 c.
804 3933 837 3944 -
855 3904 882 3974 2)
901 3903 990 3959 Knob.
1008 3905 1110 3971 Ketia,
1129 3925 1157 3979 p.
1170 3912 1226 3964 496.
1240 3941 1273 3950 -·
1286 3911 1312 3981 3)
1326 3911 1412 3966 Auth.

242 3992 268 4046 d.
291 3991 372 4046 Pent.
390 3990 478 4062 praef.
500 4007 528 4058 p.
552 3987 673 4042 LXXVI.
697 4019 727 4027 -
746 3989 773 4060 4)
796 3987 829 4042 of.
852 3987 936 4058 prd.
954 3991 1054 4060 praef.;
1079 3991 1162 4047 Nolo.
1181 3994 1281 4062 praeI.;
1308 3993 1412 4052 Wellh.

242 4073 409 4131 GesohIchte
429 4071 530 4128 Israels
547 4089 575 4141 p.
594 4076 626 4127 66
645 4072 703 4126 not.
715 4102 748 4112 —
768 4076 794 4142 5)
812 4091 840 4142 p.
858 4072 970 4128 XLVII.
994 4075 1089 4129 XLIX.
1113 4075 1222 4131 LXVII.
1242 4109 1274 4118 -
1293 4082 1319 4148 6)
1339 4085 1412 4136 1863.

242 4191 274 4201 -
293 4160 319 4230 7)
337 4178 365 4232 p.
385 4163 440 4214 114.
465 4157 504 4214 17.
528 4160 567 4210 21.
591 4161 631 4210 22.
652 4161 691 4210 24.
719 4188 750 4197 -
775 4159 800 4226 8)
825 4156 911 4228 chop.
935 4158 969 4213 II.
988 4177 1016 4229 p.
1044 4165 1084 4214 22.
1104 4165 1148 4225 243
1172 4159 1259 4231 Ghap.
1284 4162 1332 4217 III.
1350 4163 1410 4220 IV.;

243 4243 328 4314 Chap.
346 4243 380 4297 V.
398 4259 425 4312 p.
444 4247 484 4298 33.
506 4246 545 4296 35.
565 4245 605 4296 37.
624 4246 664 4296 38.
682 4245 722 4297 89.
740 4273 775 4282 -
792 4243 817 4312 9)
836 4260 864 4312 p.
883 4242 982 4300 XXXI.
1001 4242 1051 4298 col.
1070 4243 1096 4300 b.
1114 4275 1148 4284 -—
1167 4245 1209 4316 10)
1227 4263 1254 4316 p.
1275 4251 1314 4301 74.
