3232 5042
742 343 947 402 -14-.

257 500 330 569 dam
368 502 417 569 Gi.
446 503 588 589 propriis
619 503 810 566 sententiam
837 491 925 564 illam
959 502 1025 564 iam
1057 499 1220 586 prioribus
1248 499 1422 586 probatam

254 603 382 668 fulcire·
400 625 434 666 se
456 623 554 688 posse
582 601 796 682 existimavit,
826 622 877 664 res
908 599 995 664 illius
1022 599 1096 664 libri
1123 621 1187 665 non
1217 607 1350 664 cunctas
1381 621 1422 663 ex

252 697 429 766 traditione
458 724 513 766 ore
541 708 723 786 propagata
760 698 816 764 sed
843 701 962 785 partim
994 721 1035 762 ex
1061 698 1261 763 documentis
1290 700 1421 784 scriptis

255 801 388 866 haustas
412 824 491 867 esse.
527 799 630 864 Porro
653 799 872 863 Drechsler
895 798 1030 863 duorum
1046 797 1212 882 librorum,
1235 799 1291 886 qui
1313 801 1347 861 in
1362 798 1424 861 hac

255 902 393 964 materia
412 906 593 980 versantur,
617 900 726 984 priore
738 900 769 980 ¹),
793 900 941 986 quamvis
964 895 1082 962 acerbe
1103 897 1136 961 in
1160 897 1421 962 adversariorum

257 999 444 1080 sententias,
467 999 590 1084 quippe
617 997 732 1084 quibus
755 996 827 1081 plus
857 997 922 1060 fuci
948 1017 1045 1080 quam
1071 996 1154 1060 lucis
1176 998 1306 1079 inesset,
1335 999 1423 1061 inve-

256 1095 396 1178 heretur,
417 1096 492 1159 huic
513 1118 624 1160 earum
640 1096 720 1160 fonti
745 1094 943 1159 occludendo
962 1117 1026 1160 non
1043 1098 1186 1173 vacavit3
1209 1099 1387 1182 posteriore
1397 1094 1423 1177 ²)

260 1203 367 1260 autem
391 1194 432 1258 ad
456 1196 537 1278 argi.
560 1193 646 1258 illius
662 1202 812 1258 naturam
835 1201 867 1257 et
882 1196 947 1257 vim
963 1196 1082 1258 rectius
1098 1195 1314 1260 definiendam
1336 1195 1424 1260 haud

257 1315 363 1379 pauca
385 1294 546 1378 exposuit.
589 1292 742 1356 Herbst
763 1303 827 1356 tam
844 1293 978 1358 firmiter
1001 1293 1064 1358 sibi
1085 1296 1326 1381 sententiaeque
1347 1317 1422 1359 suae

257 1394 401 1457 constitit
429 1392 610 1479 studiisque
639 1393 822 1456 criticorum
850 1401 917 1457 tam
952 1416 1016 1458 non
1043 1394 1086 1458 ad
1117 1395 1214 1458 aliam
1244 1395 1420 1458 ineundam

258 1501 425 1579 permotus
448 1499 505 1574 est,
527 1499 564 1555 ut
581 1495 659 1557 1841
679 1513 789 1554 eorum
805 1514 894 1576 arga.
910 1492 987 1577 phil.
1003 1494 1259 1578 praetermittere
1277 1515 1311 1556 se
1327 1515 1422 1578 posse

258 1595 453 1677 opinaretur.
463 1591 487 1670 3)
529 1589 654 1655 Welte
677 1612 715 1653 ea
736 1613 800 1654 non
824 1591 942 1674 omisit,
965 1592 1022 1654 sed
1045 1591 1153 1678 pusilli
1176 1594 1329 1656 momenti
1352 1615 1423 1656 esse

254 1691 395 1773 vduxit.⁴)
438 1691 529 1755 Fieri
551 1699 657 1754 autem
684 1713 748 1754 non
772 1699 907 1775 poterat,
934 1693 1011 1778 quin
1033 1692 1135 1760 Penti.
1158 1693 1344 1757 authentice
1367 1693 1423 1756 de·

256 1791 404 1856 fensores
426 1791 557 1855 tandem
573 1792 805 1876 perspicerent,
829 1813 925 1877 quam
941 1793 1057 1875 gravia
1078 1791 1135 1855 illa
1161 1815 1249 1878 arga.
1273 1801 1305 1858 et
1320 1816 1421 1878 quan·

256 1899 370 1975 tepere
392 1890 492 1974 digna
514 1899 630 1968 essent,
652 1911 734 1974 quae
756 1889 987 1955 refellerentur.
1026 1890 1147 1973 Quare,
1170 1892 1257 1976 quod
1280 1893 1421 1956 officium

257 1991 322 2054 viri
343 1991 445 2075 partis
468 2011 546 2054 suae
561 1989 648 2052 docti
671 1989 725 2052 diu
749 2011 879 2054 servare
899 1989 990 2054 obliti
1012 2000 1112 2072 erant,
1135 1994 1165 2055 ci
1186 1994 1308 2078 optimc
1328 1993 1442 2057 satis--

257 2087 367 2152 iacere
389 2090 532 2174 suscepit
553 2088 679 2151 Kurtn
695 2093 782 2154 1844.
808 2090 891 2152 Nam
914 2098 946 2154 et
968 2089 1111 2174 singulas
1128 2093 1312 2176 varietates,
1330 2101 1422 2179 quot-

256 2197 336 2273 quot
363 2186 405 2250 ad
431 2189 538 2273 prima
562 2185 657 2251 Geos.
680 2189 791 2273 capita
813 2187 995 2252 dirimenda
1017 2189 1116 2253 allata
1138 2198 1238 2274 erant,
1261 2190 1421 2254 subtiliter

257 2288 458 2350 examinavit
479 2289 563 2350 etin
588 2287 667 2370 argi.
690 2286 768 2372 phil.
791 2293 940 2350 naturam
963 2295 995 2351 et
1015 2290 1081 2352 vim
1114 2300 1266 2354 accurate
1287 2292 1420 2378 inquisi-

256 2386 313 2448 vit.
324 2387 348 2460 b)
391 2385 446 2448 Sic
468 2385 583 2467 effecit,
615 2392 651 2448 ut
677 2387 924 2449 conservativae
953 2388 1056 2471 partis
1079 2386 1221 2472 theologi
1252 2389 1294 2453 ab
1322 2392 1420 2475 argis.

228 2505 230 2508 ·
255 2477 343 2568 ling,
375 2507 457 2570 quae
480 2485 521 2548 ad
547 2486 692 2570 priorum
712 2491 731 2548 4
750 2485 854 2549 Penti.
876 2485 1030 2550 librorum
1054 2488 1208 2552 unitatem
1231 2489 1419 2554 diruendam

258 2583 397 2647 collecta
419 2593 519 2666 erant,
544 2584 775 2669 posthabendis
793 2585 984 2650 desisterent
1000 2596 1031 2650 et
1047 2609 1085 2650 ea
1100 2611 1227 2674 quoque
1243 2589 1332 2653 dere
1348 2612 1420 2653 cnm

257 2683 380 2746 criticis
418 2683 670 2769 disputationem
705 2685 832 2748 inirent.
881 2684 954 2764 Qua
983 2690 1204 2751 controversia
1232 2690 1352 2770 evenit,
1386 2697 1421 2753 ut

264 2805 384 2863 eorum,
407 2785 460 2869 qui
483 2806 571 2868 argo.
583 2779 663 2868 phil.
687 2792 800 2848 contra
822 2785 926 2852 Penti.
956 2788 1112 2851 unitatem
1133 2788 1230 2852 allato
1252 2790 1317 2852 vim
1341 2791 1420 2853 satis

207 2917 210 2924 ·
262 2905 414 2966 maguam
430 2883 609 2948 tribuerent
624 2883 722 2969 idque
735 2885 800 2968 ipsi
820 2885 1077 2970 corroborarent,
1089 2911 1240 2952 numerus
1253 2899 1420 2970 cresceret,

255 3003 381 3063 eorum,
404 2983 458 3074 qui
480 2981 724 3058 reluctarentur,
748 2983 989 3050 diminueretur.

253 3118 256 3122 ·
302 3133 305 3138 .
342 3081 400 3148 IV.
421 3082 592 3170 Reliquum
617 3091 673 3160 est,
695 3091 731 3146 ut
753 3083 916 3164 adiiciam,
938 3087 992 3172 qui
1015 3085 1091 3150 inde
1113 3087 1154 3151 ab
1176 3111 1260 3152 anno
1284 3092 1371 3154 1843.
1380 3096 1420 3155 44

255 3185 383 3268 utrique
406 3182 492 3266 parti
514 3185 645 3246 nomina
668 3181 824 3263 dederint.

342 3291 367 3347 1.
390 3281 448 3344 De
471 3282 600 3346 Wettc
618 3286 697 3348 1844
719 3283 751 3368 in
773 3283 890 3347 introd.
912 3287 1050 3369 primum
1073 3285 1203 3370 linguae
1219 3287 1421 3352 diversorum

258 3381 453 3467 scriptorum
477 3382 598 3444 indicia
620 3383 797 3467 praecipua
819 3383 961 3447 exscribi
983 3385 1121 3462 iussitl)
1163 3409 1194 3452 v.
1218 3387 1420 3472 Lengerlre

258 3486 339 3547 1844
354 3472 491 3564 gloriam
510 3481 596 3545 illius
611 3483 683 3565 argi
702 3481 881 3546 adornandi
899 3507 964 3548 non
980 3487 1154 3571 appetivit,
1176 3487 1231 3550 sed
1252 3486 1419 3552 historiam

256 3580 483 3662 fundamento,
510 3581 595 3666 quod
625 3581 714 3648 Stah.
737 3585 873 3664 iecerat,
904 3587 1129 3669 superstruxit.
1139 3587 1163 3668 ἵ)
1210 3586 1420 3651 Delitasch

256 3687 363 3745 autem
387 3685 467 3747 1852
493 3680 532 3744 de
559 3683 643 3746 notis
665 3685 831 3748 variorum
860 3685 1052 3770 scriptorum
1076 3694 1108 3750 et
1128 3687 1286 3771 augendis
1309 3695 1340 3751 et
1362 3689 1419 3751 mi-

255 3780 394 3845 nuendis
417 3782 540 3866 optime
559 3783 696 3846 meritus
718 3783 810 3860 est.⁸)
846 3783 957 3870 Neque
979 3807 1111 3871 operam
1133 3793 1164 3850 et
1187 3787 1289 3850 oleum
1313 3787 1419 3873 perdi·

326 4031 349 4097 1)
368 4029 421 4085 Die
439 4025 765 4086 Unwissenschaftlichk.
783 4031 801 4086 i.
821 4031 937 4087 Gebiete
958 4033 983 4087 d.
1002 4033 1067 4088 hoh.
1079 4033 1150 4088 Krit.
1172 4039 1243 4100 1831,
1263 4035 1296 4090 cf.
1316 4039 1418 4092 91116

255 4131 288 4168 ss.
306 4145 341 4155 -
358 4117 384 4181 2)
403 4114 456 4170 Die
478 4113 592 4168 Einheit
614 4131 639 4168 u.
664 4116 781 4170 Aechth.
804 4118 835 4170 d:
853 4117 904 4172 Gn.
929 4122 1000 4182 1838,
1026 4136 1053 4187 p.
1077 4123 1092 4172 9
1114 4123 1224 4173 1281,
1246 4126 1287 4174 64,
1311 4125 1350 4175 76.
1379 4127 1418 4176 88.

257 4203 313 4253 113.
332 4203 380 4253 ras
398 4216 418 4252 s.
438 4229 472 4238 -
490 4201 516 4266 s)
535 4217 563 4268 p.
582 4203 622 4252 to.
642 4231 676 4239 -
693 4202 720 4267 1)
738 4219 765 4271 p.
787 4207 841 4256 155.
859 4204 930 4270 -m
948 4221 975 4272 p.
996 4208 1080 4256 ress.
1099 4208 1131 4257 ro
1150 4196 1230 4257 ss.-'-
1244 4209 1271 4272 o)
1289 4223 1316 4274 p.
1338 4211 1384 4260 rar
1398 4224 1418 4260 s.

254 4313 290 4322 —-
308 4285 332 4358 7)
351 4300 379 4351 p.
398 4282 548 4336 LXXXIII.
566 4315 600 4322 -
617 4287 643 4352 8)
663 4284 713 4337 Gn.
737 4289 755 4340 l.
775 4285 861 4354 Ausg.
879 4304 906 4354 p.
926 4291 958 4339 26
976 4303 996 4338 s.
1016 4290 1062 4340 391
1083 4304 1103 4340 s.
1211 4303 1213 4308 ’
