3232 5042
753 303 959 365 ..4ss-

276 467 310 526 nt
331 461 431 546 eliget
459 483 510 525 res
537 462 630 546 ipsae
660 483 732 526 eum
761 461 959 550 impellunt),
983 485 1070 546 mox,
1093 463 1185 548 quasi
1208 464 1367 548 aptiorem
1389 465 1435 526 in-

275 561 386 624 venire
408 582 471 624 non
499 561 616 647 possit,
644 560 886 646 imperfectam
912 583 990 626 mox
1017 559 1118 625 verba
1143 562 1189 625 ita
1216 562 1375 644 contexit,
1402 569 1438 626 ut

275 660 375 724 animi
396 658 613 724 conditionem
639 658 826 726 fidelissime
851 661 1011 744 referant,
1034 683 1111 726 mox
1134 659 1187 724 vel
1209 659 1383 747 prudentia
1405 669 1438 726 et

275 759 441 844 hypocrisi
467 757 618 824 inductus
642 781 698 824 eos
725 758 809 824 celat
835 759 901 844 vel,
929 781 965 823 sc
989 759 1095 846 ipsum
1124 759 1293 844 cohibens,
1316 761 1438 826 mitiori

276 867 307 922 et
330 856 510 944 pulchriori
530 857 718 926 indumento
742 857 973 924 circumvolvit.

358 956 412 1022 Ad
443 957 636 1043 scriptorum
667 956 827 1024 libertatis
864 959 1025 1024 notionem
1056 956 1175 1025 clarius
1208 958 1436 1047 explicandam

176 1071 189 1112 '-
276 1056 414 1122 sortasse
447 1057 610 1144 quispiam
641 1056 720 1122 illud
747 1057 931 1144 exemplum
957 1056 1085 1142 longius
1111 1061 1315 1144 exposuerit,
1350 1057 1436 1145 quod

275 1180 307 1243 p.
332 1160 371 1222 37
399 1157 432 1220 iu
459 1156 600 1222 medium
629 1156 830 1244 protulimus.
872 1157 1008 1239 „Nonne
1037 1155 1271 1244 disputantium
1300 1157 1436 1222 ducrum

276 1261 440 1322 oratorum
468 1253 551 1320 alter
583 1255 626 1320 ad
653 1263 780 1342 tempus
807 1277 862 1320 eas
889 1255 1012 1321 formas
1043 1259 1165 1322 evitare
1196 1265 1318 1344 potest,
1356 1279 1437 1344 quac

278 1353 360 1420 alias
385 1357 415 1420 ei
442 1356 475 1418 in
502 1353 627 1422 deliciis
654 1353 749 1420 sunt?
785 1354 900 1419 Nonne
925 1353 1010 1420 idem
1033 1357 1141 1422 facere
1163 1364 1278 1443 potest,
1301 1357 1362 1421 etsi
1385 1355 1436 1433 (cf.

275 1477 307 1541 p.
333 1460 385 1532 21)
416 1462 550 1543 uterque
584 1455 784 1520 occasionem
818 1453 937 1520 diutius
964 1463 996 1519 ct
1027 1456 1157 1542 saepius
1189 1455 1230 1519 de
1261 1455 1376 1520 eadem
1403 1477 1437 1518 re

276 1553 431 1640 loquendi
458 1563 572 1620 nactus
603 1553 674 1620 cst?
702 1553 817 1620 Nonne
845 1555 941 1618 ctiam
975 1554 1056 1620 alter
1082 1557 1264 1643 disputator
1291 1554 1333 1618 ad
1360 1562 1437 1618 tem·

276 1675 337 1738 pus
367 1653 499 1718 easdem
524 1652 702 1720 locutiones
729 1653 894 1741 praeferre
920 1660 952 1717 et
978 1661 1091 1740 postea
1123 1677 1236 1719 rursus
1264 1652 1438 1740 repudiare

276 1751 407 1838 potest?
456 1751 571 1841 Itaque
604 1752 732 1839 singula
770 1759 802 1817 et
838 1774 944 1838 pauca
977 1751 1139 1818 vocabula
1169 1775 1273 1840 neque
1299 1751 1357 1816 ubi
1384 1775 1437 1817 au·

277 1850 409 1916 diuntur
430 1874 534 1938 neque
556 1852 612 1917 ubi
635 1853 751 1918 desunt
771 1859 892 1917 certum
908 1852 1070 1939 quendam
1085 1859 1245 1918 oratorem
1264 1851 1437 1916 indicant.“

276 1949 360 2030 Quid
382 1949 430 2015 illi
451 1950 612 2016 libertatis
631 1951 792 2018 defensori
814 1951 1075 2039 respondendum
1101 1952 1172 2029 est?
1206 1951 1288 2016 Mihi
1310 1952 1437 2038 quidem

276 2050 357 2114 haec
378 2049 543 2126 videntur:
569 2056 614 2128 (1)
637 2050 672 2118 si
694 2060 868 2138 propterea
889 2050 1109 2137 disputatores
1132 2051 1212 2116 satis
1235 2043 1438 2142 diuaudien·

277 2149 336 2214 dos
360 2171 430 2214 csse
452 2148 615 2234 obiecerit,
643 2152 718 2237 quia
740 2173 878 2238 parvam
900 2149 1092 2214 biblicorum
1113 2149 1271 2215 librorum
1291 2150 1438 2236 amplitu-

279 2248 387 2313 dinem
407 2250 442 2314 in
457 2258 563 2315 mente
578 2248 729 2332 hahebat,
745 2272 897 2315 successu
914 2257 1032 2314 carcat,
1060 2249 1144 2314 Nam
1158 2250 1325 2334 sententia,
1341 2251 1439 2336 scrip-

279 2356 391 2432 torem,
419 2348 496 2435 quia
520 2337 623 2414 verba
643 2351 738 2414 unius
758 2349 868 2436 pusilli
893 2349 969 2415 libri
990 2371 1094 2435 parva
1112 2351 1253 2415 omnium
1275 2349 1317 2414 ab
1338 2371 1441 2437 eopcr

244 2444 245 2448 ’
278 2448 380 2514 vitam
402 2447 620 2514 adhibitorum
647 2472 726 2536 pars
749 2451 822 2533 sint,
844 2471 903 2536 per
924 2455 1027 2513 totum
1048 2447 1166 2513 librum
1187 2448 1290 2514 verba
1312 2449 1342 2514 ei
1365 2449 1440 2514 ada-

279 2553 367 2612 mata
389 2548 545 2630 evitasse,
568 2546 647 2611 mihi
672 2547 756 2612 falsa
778 2569 849 2613 esse
868 2547 1010 2636 videtur,
1034 2548 1155 2634 quippe
1177 2549 1295 2614 rationi
1317 2556 1349 2615 et
1370 2550 1441 2614 usui

269 2655 475 2732 ‘repugnans
517 2645 720 2732 Quamquam
746 2648 847 2731 igitur
873 2647 1046 2732 scriptores
1073 2646 1186 2712 biblici
1208 2670 1271 2712 nou
1293 2654 1329 2712 ut
1350 2647 1440 2714 (lice-

278 2767 374 2810 rones
402 2745 503 2810 multa
533 2745 699 2810 volumina
726 2746 1002 2831 conscripserunt,
1036 2743 1175 2810 hominis
1203 2754 1340 2811 naturae
1365 2770 1440 2834 psy-

279 2844 466 2930 chologicac
492 2851 742 2910 consentaneum
770 2851 831 2927 est,
862 2865 932 2927 eos,
961 2843 1078 2930 quibus
1100 2843 1386 2911 consuetudinibus
1407 2849 1440 2910 in

278 2943 439 3032 loquendo
461 2943 665 3027 indulserint,
687 2942 802 3007 iisdem
825 2943 924 3007 ctiam
945 2942 979 3006 in
1001 2945 1114 3029 parvis
1134 2942 1226 3008 libris
1245 2967 1439 3032 componen-

279 3044 340 3110 dis.
383 3045 426 3124 (2)
449 3043 484 3108 Si
506 3043 733 3130 proprietates,
756 3065 839 3129 quae
861 3042 967 3129 primo
990 3051 1133 3128 ternpore
1156 3041 1371 3109 audiebantur
1390 3045 1440 3109 vel

280 3142 486 3228 legebantur,
509 3142 719 3230 perlongum
747 3143 887 3228 spatium
909 3163 973 3205 non
994 3140 1139 3224 redeunt,
1162 3148 1304 3207 autnon
1327 3165 1441 3208 revera

279 3242 406 3308 auctori
427 3242 460 3306 iu
483 3240 609 3306 deliciis
638 3249 713 3307 sunt
741 3248 799 3305 aut
820 3239 972 3305 variandi
995 3261 1095 3304 causa
1117 3261 1173 3304 eas
1196 3241 1332 3327 spernit.
1375 3242 1441 3307 Sed

279 3362 321 3406 ne
343 3340 372 3428 si
392 3339 453 3404 hoo
475 3339 612 3405 alterum
640 3341 676 3406 fit
702 3339 852 3427 quidem,
868 3338 1018 3403 libertate
1041 3361 1100 3403 sua
1120 3361 1197 3402 usus
1221 3341 1361 3427 scriptor
1382 3341 1440 3404 im·

279 3439 400 3527 pediet,
422 3439 591 3526 quominus
614 3463 687 3504 eum
708 3459 992 3524 recognoscamus3
1021 3438 1185 3524 quoniam,
1208 3460 1280 3503 cum
1304 3447 1361 3505 aut
1382 3461 1441 3527 per

279 3539 436 3627 reliquam
459 3539 615 3604 orationis
638 3539 689 3604 vel
710 3533 786 3603 libri
808 3548 934 3623 partem
957 3537 1086 3602 easdem
1109 3539 1324 3624 proprietates
1347 3561 1440 3627 pror·

281 3662 336 3704 sus
358 3640 481 3706 evitare
510 3646 566 3704 aut
596 3659 724 3704 omnes
751 3658 827 3700 suas
857 3637 1073 3722 proprietatos
1100 3637 1193 3724 quasi
1220 3646 1344 3704 vestem
1367 3661 1440 3706 con-

281 3738 365 3804 sulto
387 3761 520 3820 exuere,
551 3736 592 3802 ab
624 3737 710 3803 omni
736 3735 1018 3800 verisimilitudine
1040 3735 1180 3800 alienum
1202 3745 1258 3802 est.
1301 3740 1345 3823 (3)
1374 3740 1440 3804 Au·

281 3837 395 3902 dacius
419 3837 539 3902 dictum
563 3844 620 3921 est,
646 3835 699 3900 vel
726 3857 746 3898 a
767 3839 878 3921 priore
900 3835 1103 3922 disputatore
1125 3857 1236 3900 unam
1258 3839 1439 3924 propriata·

283 3945 347 4001 tem
369 3959 455 4002 nunc
478 3934 636 4018 adhiberi,
658 3942 735 4000 tunc
756 3936 882 4018 evitari,
906 3943 1019 4022 postea
1040 3956 1151 3998 rursus
1175 3933 1332 4019 adhiberi,
1353 3936 1439 4001 deni-

264 4059 346 4123 que
368 4058 480 4100 rursus
509 4035 638 4116 evitari,
661 4033 712 4098 vel
735 4033 776 4098 ab
799 4033 901 4098 altero
925 4033 1059 4098 eandem
1086 4055 1184 4097 unam
1206 4035 1439 4122 proprietatem

281 4135 414 4200 fortuito
437 4134 586 4199 adamari
604 4153 708 4220 posse.
750 4131 976 4198 Audacissimc
998 4141 1105 4198 autern
1128 4135 1290 4220 quispiam
1310 4155 1439 4199 censue·

280 4236 336 4316 rit,
366 4233 486 4298 veleb
520 4231 631 4298 eodem
668 4233 826 4319 scriptore
858 4253 1012 4318 magnam
1043 4233 1280 4320 proprietatum
1311 4235 1438 4320 copiam
