3232 5042
744 399 948 460 ..55-.

273 563 407 644 Quoties
436 563 521 627 enim
549 585 569 627 a
598 561 719 626 criticis
746 568 898 647 negatum
925 567 989 642 est,
1018 560 1208 647 scriptorem
1230 559 1272 626 ad
1295 583 1334 626 ea
1356 583 1430 648 pro-

271 687 400 746 vocare,
423 664 463 728 iis
487 661 631 758 alludere
648 683 754 750 posse,
778 683 861 749 quae
883 683 947 725 non
969 660 1040 748 ipse
1060 659 1273 725 tradidisset?
1315 661 1431 726 Nonne

273 772 377 830 autern
399 764 622 828 narrationum
646 785 707 826 res
730 785 771 827 ex
794 761 954 825 communi
973 757 1086 846 populi
1100 759 1285 836 traditione,
1307 761 1430 827 forma

274 887 314 928 ex
337 865 499 929 communi
523 864 621 928 totius
643 861 756 949 populi
781 859 912 946 linguae
934 861 1156 947 promptuario
1176 859 1311 925 haustae
1333 861 1429 926 sunt?

271 963 385 1028 Nonne
406 964 506 1048 igitur
519 984 637 1045 rerum,
661 983 744 1048 quae
760 959 801 1026 ab
818 960 919 1026 altero
941 958 1044 1024 literis
1062 959 1236 1024 mandatae
1252 967 1334 1036 sunt,
1350 960 1430 1025 alter

273 1065 412 1151 scriptor
435 1063 602 1128 materiam
626 1068 657 1126 et
678 1061 814 1126 formam
837 1068 970 1145 tangere
989 1047 1104 1146 po'tuit,
1127 1067 1157 1124 et
1177 1059 1212 1123 id
1235 1081 1430 1148 quamquam

273 1156 350 1228 libri
382 1162 511 1227 illarum
538 1162 760 1226 narrationum
783 1182 846 1225 non
869 1167 943 1224 ante
970 1160 1039 1224 eius
1062 1159 1172 1224 oculos
1195 1161 1294 1247 positi
1317 1161 1429 1227 erant?

272 1300 313 1319 w-
336 1262 371 1328 si
393 1262 538 1326 radicem
559 1261 646 1325 illius
669 1260 843 1324 axiomatis
866 1259 1059 1346 quaerimus,
1081 1259 1288 1325 iudicandum
1309 1258 1367 1343 e'st,
1390 1283 1430 1325 ex

273 1361 356 1426 falsa
379 1360 611 1426 consuetudine
632 1383 684 1424 res
699 1367 845 1424 veterum
862 1357 931 1422 vita
955 1367 986 1422 et
1008 1357 1215 1423 cohaerentia
1237 1359 1431 1426 destituendi

272 1469 309 1526 ut
331 1460 410 1525 alios
433 1483 558 1526 errores
589 1460 636 1523 sic
662 1459 747 1522 hunc
771 1479 896 1545 quoque
917 1467 1028 1522 natum
1053 1479 1137 1540 esse,
1160 1479 1251 1524 suam
1275 1483 1432 1548 quemque

273 1568 416 1625 autorem
438 1557 581 1645 linguam
597 1559 704 1644 ipsum
727 1556 786 1621 sibi
807 1579 935 1621 creasse
949 1579 1054 1644 neque
1077 1579 1117 1620 ex
1140 1559 1217 1623 vivo
1239 1559 1352 1646 populi
1373 1559 1430 1626 lin-

272 1681 356 1744 guae
382 1658 513 1723 flumine
547 1665 726 1739 mutuasse,
758 1657 803 1721 ita
830 1663 865 1720 ut
901 1655 989 1720 alius·
1010 1656 1125 1722 iisdem
1152 1659 1265 1722 formis
1296 1660 1346 1723 uti·
1368 1683 1432 1724 non

272 1759 438 1844 potuisset.
479 1759 649 1823 Nescimus
672 1779 714 1820 an
735 1779 804 1820 rem
824 1754 1029 1832 illustremus,
1052 1750 1079 1820 si
1100 1757 1225 1822 huncce
1247 1759 1279 1820 in
1301 1758 1433 1823 modum
1458 1816 1462 1824 .

273 1855 412 1944 aliquem
440 1855 659 1943 disputantem
685 1856 853 1942 fingimus:
881 1855 1056 1941 „Legimus
1087 1857 1121 1920 in
1151 1857 1253 1920 variis
1290 1857 1433 1922 fontibus

273 1957 413 2043 primum
436 1953 657 2042 patriarcham
689 1964 764 2021 ante
787 1957 1064 2020 circumcisionem
1086 1957 1266 2021 institutam
1286 1954 1434 2022 Abrami

273 2063 348 2142 post
374 2077 445 2119 eam
478 2054 659 2119 Abrahami
689 2077 806 2120 nomen
833 2056 989 2140 gessisse,
1021 2077 1081 2120 nec
1109 2056 1215 2119 minus
1245 2056 1278 2119 in
1310 2055 1435 2142 duplici

272 2155 384 2220 uxoris
411 2153 656 2242 compellatione
683 2157 890 2238 conveniunt,
919 2154 959 2221 cf.
991 2161 1041 2236 17,
1069 2161 1097 2221 5.
1127 2161 1178 2238 153
1208 2159 1259 2236 18,
1283 2159 1312 2221 6.
1359 2155 1435 2220 Non

272 2257 378 2318 minus
394 2277 500 2341 quam,
524 2255 607 2319 utin
629 2253 685 2317 illa
701 2277 743 2318 re
768 2255 949 2332 concinant,
970 2277 1034 2320 non
1057 2255 1178 2319 factum
1202 2262 1250 2318 est
1271 2257 1335 2320 nisi
1357 2257 1436 2343 quia

274 2354 325 2418 vel
353 2355 503 2419 redactor
536 2375 646 2418 omnes
676 2377 729 2418 res
756 2356 847 2419 inter
871 2377 905 2419 se
928 2355 1095 2419 coniunxit
1114 2354 1167 2419 vel
1186 2353 1300 2418 saltem
1322 2377 1435 2419 omnes

273 2455 467 2540 posteriores
485 2464 671 2520 narratores
699 2454 821 2520 eisdem
846 2455 1010 2540 scriptis
1033 2455 1248 2518 monumentis
1271 2455 1320 2518 usi
1344 2464 1434 2519 sunt:

274 2575 448 2616 consensus
475 2551 655 2617 formalis
682 2556 771 2618 nasci
793 2576 858 2618 non
877 2555 996 2640 potuit,
1026 2555 1088 2618 nisi
1111 2554 1187 2640 quia
1208 2552 1261 2616 vel
1283 2552 1436 2619 redactor

273 2654 380 2717 omnia
402 2652 445 2716 ad
468 2675 559 2716 suum
587 2653 690 2738 ipsius
721 2652 854 2717 modum
875 2651 1090 2717 conformavit
1110 2652 1163 2717 vel
1185 2654 1368 2717 communia
1392 2675 1435 2717 ex
1458 2733 1463 2741 ·

273 2753 413 2838 antiquis
444 2752 651 2816 literarum
682 2739 897 2818 monumentis
930 2751 1124 2838 deprompta
1152 2751 1258 2816 sunt.“
1306 2751 1434 2836 Nonne,

273 2852 301 2914 si
321 2852 368 2915 ita
390 2853 466 2915 viva
481 2851 665 2917 traditionis
680 2876 745 2918 vox
760 2851 986 2936 negligeretur,
1004 2853 1067 2915 viri
1083 2851 1170 2916 docti
1184 2852 1276 2939 queri
1290 2859 1434 2937 possent,

272 2949 328 3014 illa
351 2950 554 3016 conclusione
569 2952 748 3017 naturalem
765 2974 874 3016 rerum
890 2950 1061 3015 decursum
1077 2950 1178 3016 deleri
1193 2959 1225 3016 et
1239 2973 1291 3015 res
1308 2951 1435 3039 antiqui

271 3035 436 3136 temporis,
459 3053 551 3135 quasi
573 3053 642 3116 vita
664 3061 695 3117 et
717 3074 866 3117 connexu
889 3060 1044 3134 carerent,
1068 3049 1290 3116 considerari?

355 3149 412 3216 Sin
435 3159 541 3215 autem
564 3151 714 3238 exempla
730 3153 869 3239 quaeris,
893 3149 1009 3240 quibus
1025 3150 1082 3216 illa
1098 3152 1319 3238 praesumptio
1337 3151 1433 3238 inest,

272 3250 353 3314 haec
379 3250 517 3314 habeast
561 3250 682 3317 Contra
703 3251 829 3317 Knob.:
855 3250 937 3316 Inde
964 3249 1051 3339 quod
1081 3250 1143 3318 Gn.
1165 3255 1199 3336 7,
1221 3257 1249 3318 2.
1273 3258 1307 3330 83
1337 3256 1370 3333 8,
1391 3257 1433 3318 20

271 3349 425 3414 animalia
446 3372 530 3435 pura
545 3359 576 3416 et
590 3352 719 3437 impura
735 3360 954 3436 secernuntur,
968 3374 1033 3420 non
1048 3359 1154 3417 certo
1170 3353 1330 3418 coniicere
1344 3352 1433 3436 licet,

184 3511 185 3516 ,
270 3451 343 3516 illos
364 3473 477 3516 versus
500 3473 563 3515 non
587 3452 627 3516 ab
647 3451 719 3518 Eia.
736 3453 881 3538 scriptos
898 3474 996 3519 esse..
1010 3449 1093 3516 Nam
1108 3452 1181 3516 illas
1205 3452 1286 3518 duas
1310 3451 1432 3518 classes

271 3574 290 3615 a
320 3550 542 3616 sacerdotibus
571 3552 742 3638 distingui,
772 3575 812 3617 ne
839 3551 911 3618 Eia.
939 3551 1068 3639 quidem
1103 3553 1282 3618 nescivisse
1315 3561 1431 3638 potest,

271 3673 469 3738 quamquam
479 3651 583 3734 (alibi)
599 3662 673 3718 ante
687 3652 792 3738 legem
801 3651 903 3718 Mosis
917 3651 1016 3716 latam
1033 3673 1141 3716 earum
1157 3675 1221 3716 non
1236 3654 1432 3718 mentionem

270 3752 355 3816 fecit.
398 3750 501 3816 Porro
524 3752 649 3817 formae
671 3760 706 3818 ut
735 3753 823 3818 tuh-t
845 3756 902 3835 24,
925 3756 963 3818 65
987 3773 1049 3815 non
1074 3774 1093 3814 a
1117 3753 1273 3838 scriptore
1296 3751 1430 3831 effictae,

271 3850 328 3916 sed
351 3849 517 3916 adhibitae
533 3860 620 3929 sunt;
645 3875 720 3938 ergo
743 3874 802 3940 per
825 3874 859 3916 se
876 3873 1001 3916 sumere
1024 3850 1110 3934 licet,
1134 3851 1270 3916 eandem
1291 3853 1431 3918 formam

271 3949 334 4016 alio
356 3950 428 4016 loco
452 3953 549 4016 etiam
566 3950 628 4024 ,alii
644 3954 796 4038 scriptori
811 3954 844 4016 in
866 3959 1006 4016 mentem
1021 3953 1132 4016 venire
1154 3953 1307 4038 potuisse.
1344 3952 1431 4033 Quid

272 4049 437 4136 sequitur?
479 4049 608 4115 Exilia
629 4052 735 4115 forma
756 4051 878 4116 nullum
901 4059 1093 4116 momentum
1116 4042 1327 4136 repetendum
1350 4075 1430 4136 esse,

270 4173 332 4235 quo
355 4171 537 4232 movemur,
560 4160 596 4216 ut
614 4149 656 4215 ad
678 4155 733 4232 37,
763 4157 801 4217 19
829 4138 939 4238 „apud
961 4150 1097 4218 eundem
1125 4151 1310 4218 auctorcm“
1333 4151 1430 4218 adno-

269 4260 383 4316 temus.
405 4286 445 4296 -
468 4248 588 4315 Contra
609 4249 817 4335 Nttgelsbach
839 4249 881 4314 ad
902 4248 968 4314 Jes.
989 4255 1038 4334 55,
1062 4255 1098 4316 13
1119 4267 1242 4341 „parri
1265 4273 1326 4315 nur
1348 4252 1431 4316 noch

270 4357 298 4434 7,
323 4355 368 4428 19,
393 4345 460 4414 also
483 4350 533 4413 ein
549 4372 633 4435 ganz
651 4348 890 4439 jesaianisohes
905 4349 1031 4419 Wort.“
1060 4351 1096 4419 Si
1115 4350 1179 4420 illis
1195 4349 1304 4418 verbis
1320 4352 1429 4443 opinio
