3232 5042
641 317 847 386 *21*

163 493 283 549 rentur.
330 477 369 548 Id
396 505 437 546 ne
462 491 530 547 tum
559 484 688 569 quidem
718 485 840 548 factum
862 507 948 566 esse,
971 504 1042 548 sum
1070 475 1155 548 oculi
1181 475 1325 546 virorum

161 584 327 649 doctorum
349 583 392 646 ad
415 605 459 646 ea
476 583 623 647 conversi
646 592 762 666 essent,
783 583 889 667 magis
913 583 1012 647 etiam
1032 591 1082 646 cst
1102 583 1229 646 mirum.
1272 581 1325 644 An
1430 635 1434 648 .

161 684 331 767 quominus
352 683 515 760 miremur,
532 703 569 746 eo
585 680 750 768 prohiberi
765 689 881 767 potest,
905 681 991 768 quod
1013 704 1053 745 ne
1075 681 1171 746 hodie
1194 679 1325 767 quidem

160 789 272 846 notum
295 801 365 845 esse
385 778 525 863 videtur,
541 778 716 846 Gesenium
737 781 803 844 iam
829 784 906 846 1817
928 781 961 844 in
983 782 1148 866 prooemio
1170 778 1254 854 libri,
1272 779 1327 865 qui

161 877 399 964 Lehrgebttude
426 877 455 942 d.
485 877 556 942 hbr.
579 876 651 964 Spr.
679 879 854 962 inscriptus
882 884 943 958 est,
968 885 1122 964 quantum
1145 899 1197 947 res
1220 897 1326 962 gram·

162 976 303 1040 maticac
331 974 374 1040 ad
402 973 607 1062 problemata
634 975 714 1038 artis
742 976 874 1040 criticae
906 974 1095 1040 sublimiora
1122 973 1328 1060 expedienda

162 1077 308 1140 facerent
329 1077 530 1162 exposuisse,
553 1075 596 1139 ad
611 1075 782 1141 nonnullas
797 1098 850 1140 res
863 1077 1007 1140 maxime
1029 1077 1234 1161 praecipuae,
1256 1097 1276 1138 a
1293 1097 1327 1138 se

162 1178 267 1262 primo
294 1175 499 1258 observatas,
534 1175 659 1240 animos
686 1175 859 1256 direxisse,
886 1175 995 1240 multis
1022 1179 1119 1242 totius
1150 1173 1226 1240 libri
1248 1173 1327 1238 locis

162 1274 321 1340 eiusmodi
342 1298 451 1340 rerum
472 1276 667 1340 mentionem
687 1275 829 1340 fecisse?

245 1409 360 1474 Nonne
394 1417 500 1473 autem
535 1411 631 1474 etiarn
663 1413 696 1474 in
726 1409 858 1495 linguae
884 1409 1053 1473 cuiusdam
1080 1411 1327 1494 grammaticam

161 1511 286 1574 formae
312 1511 456 1594 irrepere
486 1517 636 1594 possunt,
669 1531 753 1595 quae
787 1510 975 1595 cogitationi
1003 1533 1025 1572 s.
1056 1510 1118 1572 arti
1146 1506 1328 1572 debentur?

162 1608 236 1672 Non
264 1630 368 1672 sermo
395 1615 444 1671 est
472 1607 512 1671 de
538 1608 662 1690 formis,
697 1608 813 1694 quihus
841 1607 952 1693 lingua
982 1609 1141 1693 quaedam
1168 1608 1202 1671 in
1229 1606 1329 1671 alium

163 1713 284 1772 statum
296 1728 432 1792 eumque
447 1707 553 1771 minus
568 1707 748 1792 perfeetum
766 1707 963 1772 immutatur.
976 1707 998 1790 ¹)
1027 1707 1111 1772 Nam
1126 1707 1188 1771 hae
1203 1707 1328 1772 formae

163 1815 195 1871 et
221 1807 253 1870 vi
281 1805 412 1891 linguae
441 1829 506 1870 non
535 1807 640 1870 minus
662 1807 753 1884 forti,
777 1828 874 1893 quarn
898 1829 962 1894 qua
985 1807 1181 1893 antiquiores
1204 1816 1235 1870 et
1257 1829 1328 1892 per-

162 1906 323 1984 fectiores
345 1915 376 1970 et
391 1905 479 1992 apud
494 1913 595 1969 toturn
612 1905 766 1991 populum
783 1905 835 1969 vel
858 1903 971 1969 saltem
986 1913 1087 1970 totam
1110 1907 1178 1969 eius
1201 1907 1327 1992 partem

165 2004 278 2070 eodem
307 2013 454 2091 tempore
481 2007 666 2089 gignuntur.
716 2003 782 2069 Sed
810 2026 915 2068 sermo
943 2013 991 2068 est
1021 2004 1196 2069 deformis
1219 2027 1239 2068 a
1260 2004 1328 2068 vul-

165 2106 238 2191 gari
261 2113 292 2168 et
307 2103 473 2168 doctorum
497 2111 529 2168 et
551 2103 715 2168 rudiorum
736 2103 901 2168 hominum
917 2127 976 2168 usu
990 2104 1216 2169 recedentibus
1232 2112 1329 2190 atque

165 2203 208 2268 ad
236 2205 402 2290 proprium
434 2203 595 2288 quendam
629 2210 761 2288 gustum
794 2202 956 2279 effictis²)
1004 2203 1175 2269 Eiusmodi
1205 2205 1329 2268 formae

167 2303 372 2390 separandae
400 2312 474 2368 sunt
498 2293 658 2367 a'formis
686 2324 763 2367 vere
789 2302 995 2387 lingualibus.
1043 2303 1088 2367 Ut
1118 2313 1225 2367 autem
1253 2303 1328 2368 illae

163 2405 260 2467 etiam
288 2405 322 2466 in
348 2403 441 2467 libris
473 2402 606 2487 linguae
636 2410 801 2468 emortuae
816 2403 1078 2487 investigentur,
1108 2403 1230 2467 idcirco
1258 2403 1330 2466 fieri

162 2511 281 2589 potest,
303 2493 379 2587 quia
394 2525 500 2568 rerum
516 2513 634 2567 natura
655 2525 782 2589 semper
802 2499 940 2577 ferebat,
966 2510 1001 2566 ut
1018 2503 1192 2567 arbitraria
1215 2505 1329 2588 paucis

162 2601 337 2689 placerent
380 2599 500 2683 Quare,
523 2601 550 2664 si
566 2602 732 2686 contingit,
754 2608 799 2682 ut,
822 2601 935 2664 formis
956 2599 1052 2685 longe
1074 2599 1224 2686 plurimis
1245 2599 1330 2665 inter

163 2725 199 2766 se
222 2700 363 2783 collatis,
387 2701 618 2785 perspiciatur,
647 2723 727 2786 quas
756 2699 845 2785 leges
872 2699 984 2784 lingua
1007 2699 1166 2786 quaedam
1188 2701 1220 2763 in
1244 2707 1330 2764 statu

164 2809 195 2866 et
216 2802 413 2885 integritatis
436 2808 468 2865 et
483 2800 743 2886 degenerationis
759 2800 926 2865 observet:
948 2800 1018 2864 fieri
1034 2823 1097 2864 non
1113 2807 1229 2886 potest,
1253 2802 1330 2886 quin

163 2910 327 2989 postremo
350 2911 572 2987 cognoscatur,
593 2923 676 2986 quae
698 2907 828 2986 praeter
849 2908 1002 2964 naturam
1024 2901 1216 2965 exstiterint.

246 3034 354 3122 Magis
382 3037 495 3119 etiam,
523 3056 620 3122 quam
651 3035 866 3118 grammatica
898 3035 933 3098 in
959 3035 1144 3098 universum
1173 3041 1329 3120 spectata,

164 3133 337 3199 nonnullae
367 3134 436 3197 eius
462 3139 571 3218 partes
599 3132 765 3217 neglectae
799 3140 882 3197 sunt.
939 3129 1004 3210 Qui
1034 3138 1141 3195 autem
1168 3155 1266 3213 nunc,
1295 3142 1331 3195 ut

164 3235 314 3298 lacunam
344 3231 573 3318 disputationis
602 3229 765 3294 literariae
790 3231 963 3304 resarciat,
992 3252 1049 3293 cur
1071 3230 1254 3315 syntaxis
1276 3252 1330 3294 ne.

166 3334 273 3419 glecta
302 3334 358 3415 sit,
381 3331 548 3418 explicare
576 3330 697 3407 studet,
729 3331 837 3396 dicere
857 3340 977 3416 potest,
998 3329 1087 3415 leges
1111 3333 1179 3396 eius
1202 3353 1267 3396 non
1289 3353 1331 3394 ex

166 3457 262 3500 coeco
284 3433 415 3518 linguae
436 3439 541 3515 motu,
570 3430 628 3496 sed
655 3453 696 3495 ex
723 3431 852 3496 iudiciis
880 3438 912 3496 et
931 3432 1111 3494 ratiociniis
1132 3439 1226 3496 natas
1250 3453 1329 3496 esse.

168 3588 377 3598 ——--——

236 3685 261 3748 1)
279 3697 321 3737 ex.
339 3699 381 3751 gr.
394 3677 418 3735 si
435 3679 464 3732 in
476 3677 576 3748 lingua
588 3694 731 3748 germana,
749 3679 782 3734 nt
794 3675 1003 3747 coniugationis
1015 3675 1223 3746 discrepantiae
1239 3676 1330 3745 magis

165 3767 314 3837 magisque
325 3763 733 3834 deleantur,eompluriarerba
743 3778 799 3816 non
808 3761 867 3816 iam
879 3761 1141 3830 antiquiorilfirmrt3
1155 3776 1227 3827 quae
1239 3760 1330 3813 vocali

165 3851 261 3920 stirpis
278 3852 390 3906 mutata
401 3851 452 3915 fit),
472 3849 520 3905 sed
537 3846 676 3903 iuveniori
689 3846 798 3916 (debili3
816 3848 900 3901 verbo
918 3846 1064 3902 auxiliario
1082 3843 1204 3911 adiecto)
1222 3844 1331 3899 ratione

165 3937 318 3990 flectuntur
340 3933 509 4001 (schmeckte
531 3933 549 3988 f.
577 3931 704 3997 schmak3
732 3932 840 3988 steckte
863 3930 881 3985 f.
899 3931 975 3995 stak3
1003 3930 1112 3984 bratete
1130 3928 1148 3983 f.
1167 3929 1263 3996 briet);
1286 3928 1331 3984 vel

165 4020 189 4074 si
206 4018 375 4072 nostratium
393 4018 517 4072 rudiores
536 4032 615 4070 casus
632 4017 707 4070 inter
725 4034 754 4072 se
772 4016 955 4079 commutant,
974 4013 1019 4068 vel
1036 4012 1257 4082 negligentiores
1277 4012 1331 4066 dif-

165 4102 311 4158 ficiliorem
327 4119 364 4164 m,
383 4118 440 4169 qua
460 4101 572 4156 dativus
595 4100 744 4165 indicatur,
766 4099 886 4154 faciliori
908 4117 927 4152 11
945 4100 1126 4153 commutant.
1145 4129 1178 4136 -
1196 4100 1222 4164 2)
1240 4097 1289 4152 Ex.
1308 4115 1330 4152 c.

166 4187 310 4242 Kleinert:
332 4184 516 4254 augenbliclrs
537 4185 556 4240 l.
574 4185 592 4240 l.
604 4201 632 4254 p.
650 4190 711 4250 155;
734 4183 773 4238 im
790 4183 1016 4238 Zusammenhalt
1033 4183 1086 4236 mit
1104 4187 1165 4246 1723
1182 4181 1252 4236 heut
1271 4187 1331 4245 183;

167 4272 234 4326 bald
247 4277 296 4326 200
308 4273 335 4325 Ζ.
354 4278 370 4325 4
387 4288 410 4324 v.
423 4289 462 4335 u.;
480 4270 674 4339 Verstreuung
687 4273 748 4335 201;
766 4268 811 4324 die
832 4268 1055 4324 Anerkenntniss
1068 4270 1129 4330 206;
1147 4265 1186 4318 all
1196 4266 1261 4336 jene
1274 4271 1332 4324 211.
