3232 5042
790 350 832 363 ..
874 320 913 384 33
956 351 997 362 ..

314 481 397 548 Nam
423 482 630 569 quantumvis
658 479 693 547 V.
717 479 767 547 Ti.
799 480 877 548 libri
906 480 1010 546 ultimi
1036 477 1178 558 (Esther,
1207 479 1301 554 Koh.
1324 479 1402 557 Dn.)
1432 480 1472 546 ab

315 581 550 669 antiquissimis
566 581 695 663 distent,
713 581 794 646 haec
809 591 916 648 tamen
931 581 987 646 vix
1004 580 1077 667 plus
1092 579 1292 646 difficultatis
1307 579 1473 646 lsraehtac

314 701 449 767 parasse
469 687 615 765 possunt,
636 701 731 766 quam
748 679 883 744 Lutheri
904 679 1009 745 nobis.
1051 679 1103 744 Ea
1123 685 1231 744 autem
1257 700 1293 744 re
1319 701 1473 744 concessa

314 781 395 846 nihil
416 779 506 845 aliud
520 778 688 864 largimur,
711 780 775 844 nisi
790 780 941 866 periodos
964 779 1034 846 hbr.
1057 779 1188 865 linguae
1209 801 1274 846 nou
1293 781 1393 846 tantis
1410 779 1472 846 dis-

315 879 505 946 criminibus
537 878 636 944 aliam
667 880 708 944 ab
740 878 806 944 alia
833 884 991 966 separari,
1024 881 1153 967 quantis
1179 889 1319 946 nostrae.
1361 880 1474 967 anue

314 979 505 1046 discrimina
526 980 631 1066 magis
651 978 780 1045 lexicon
801 1001 898 1065 quam
920 980 1153 1065 grammaticen
1179 987 1341 1066 spectare,
1363 981 1474 1046 tritum

314 1088 371 1146 est.
413 1078 626 1166 Nequaquam
646 1078 746 1163 igitur
766 1077 932 1164 largimur,
955 1079 1129 1164 praecipue
1151 1080 1277 1165 copiam
1299 1080 1474 1176 vocabulo·
1580 1113 1581 1116 ¹

259 1245 262 1250 ,
314 1203 386 1245 rum
401 1178 559 1244 nonsatis
574 1185 731 1242 mutatam
747 1199 828 1260 esse,
842 1183 878 1242 ut
892 1199 956 1242 non
972 1176 1055 1242 duae
1070 1176 1185 1242 saltem
1200 1178 1328 1264 periodi
1345 1178 1473 1265 linguae

315 1279 386 1344 hbr.
410 1278 550 1344 discerni
573 1283 715 1362 possent.
744 1276 813 1342 Nec
834 1277 940 1362 magis
961 1298 1139 1360 censemus,
1150 1276 1375 1344 Aramaismos
1390 1281 1473 1345 tertii

316 1380 439 1446 ordinis
465 1385 508 1466 (p.
528 1382 580 1458 36)
602 1376 723 1442 deesse.
762 1376 879 1442 Utrum
901 1385 1008 1442 autem
1030 1377 1113 1442 inter
1135 1377 1358 1444 nonnullorum
1380 1379 1473 1446 libro·
1581 1380 1582 1412 ¹

314 1503 386 1546 rum
413 1480 529 1564 (Penti.
550 1479 618 1545 Jes.
636 1476 735 1565 sJobi)
764 1484 876 1563 partes
903 1482 1028 1542 tantum
1060 1476 1258 1543 discriminis
1286 1479 1473 1564 intercedat,

315 1590 351 1645 ut
366 1602 386 1644 a
400 1577 547 1666 pluribus
558 1576 705 1663 personis
721 1574 887 1660 profectae
908 1576 981 1657 sint,
1004 1597 1113 1653 neone,
1129 1575 1164 1639 id
1181 1577 1290 1662 ipsum
1302 1580 1473 1664 quaeritur.

317 1680 384 1747 Cur
405 1677 485 1743 mihi
507 1675 647 1763 quidem,
669 1674 703 1737 in
723 1673 836 1738 Ponto.
858 1680 982 1738 tantum
1004 1672 1204 1738 intercedere
1227 1674 1291 1756 (ex.
1306 1697 1331 1740 c.
1350 1678 1473 1741 univer-

316 1801 386 1843 sam
411 1775 472 1842 Gn.
496 1796 567 1860 cap.
593 1778 638 1838 17.
658 1775 752 1838 aaa
775 1774 821 1837 18.
843 1776 880 1838 19
902 1770 1064 1836 scribendi
1086 1771 1226 1836 indolem
1249 1771 1397 1839 absolute
1418 1798 1475 1840 nec

315 1877 451 1942 relative
472 1873 614 1954 differre)
637 1893 828 1958 persuasum
850 1871 906 1954 sit,
938 1872 1005 1936 suis
1031 1870 1111 1935 locis
1142 1880 1333 1958 exponetur.
1384 1874 1474 1955 Quae
1583 1944 1584 1962 2

316 1975 504 2041 discrimina
526 1980 561 2036 ut
582 1969 697 2034 melius
719 1970 967 2056 perspiciantur,
996 1970 1060 2035 tria
1082 1969 1303 2036 additamenta
1325 1971 1473 2038 disserta·

316 2077 436 2140 tionem
460 2078 641 2159 sequentur.

398 2241 432 2322 b)
455 2237 605 2307 Secundo
630 2237 701 2303 loco
729 2237 828 2303 obiici
848 2244 967 2324 potest,
997 2236 1185 2302 discrimina
1216 2260 1258 2303 ex
1287 2237 1351 2304 alio
1373 2239 1474 2306 Penti.

316 2344 404 2408 sonte
424 2341 459 2405 in
481 2338 578 2405 alium
600 2336 692 2402 illata
720 2359 798 2402 esse.
841 2337 1010 2402 Neminem
1036 2337 1133 2424 fugit,
1163 2347 1319 2426 quantum
1346 2361 1386 2403 ea
1408 2362 1474 2405 sen-

318 2442 428 2517 tentia,
450 2437 570 2504 tabulis
593 2438 779 2524 originariis
801 2459 886 2502 nunc
908 2459 973 2502 non
994 2440 1059 2502 iam
1075 2439 1214 2524 primam
1236 2440 1374 2504 formam
1397 2463 1475 2524 esse,

317 2540 360 2606 ad
381 2538 477 2604 huius
499 2537 577 2619 argi.
601 2536 665 2600 vim
689 2535 897 2600 minuendam
918 2534 1032 2600 valeat.
1065 2535 1243 2623 Postquam
1265 2544 1373 2602 autem
1394 2540 1476 2626 prio·
1585 2521 1586 2534 ἶ

317 2640 409 2706 ribus
432 2639 553 2702 criseos
577 2635 691 2700 stadiis
713 2634 761 2699 illi
783 2635 956 2701 obiectioni
971 2637 1067 2700 nimis
1081 2636 1236 2700 tributum
1253 2646 1301 2701 est
1314 2636 1346 2722 ¹),
1366 2647 1478 2725 postea

316 2741 433 2805 iustius
460 2739 529 2802 cius
553 2735 679 2823 pondus
706 2757 884 2822 expensum
913 2743 969 2800 est.
1011 2735 1080 2816 Quo
1106 2735 1219 2800 melius
1249 2737 1477 2826 principalium

318 2840 454 2906 fontium
468 2836 595 2902 indoles
612 2844 782 2924 perspecta
801 2843 833 2899 et
851 2843 1027 2922 propterea
1045 2858 1155 2901 eorum
1172 2858 1323 2904 numerus
1338 2839 1477 2904 minutus

318 2947 377 3014 est,
402 2959 440 3004 eo
461 2936 566 3002 rarius
586 2936 767 3000 arcessitur.

399 3109 430 3182 c)
452 3101 637 3168 Varietates
658 3098 926 3186 orthographicas
942 3101 1117 3188 praecipue
1140 3099 1258 3166 dubiae
1280 3105 1478 3169 auctoritatis

317 3226 401 3286 esse,
425 3203 448 3268 ii
470 3199 681 3281 contendunt,
711 3201 765 3286 qui
794 3197 947 3263 Noldekii
975 3209 1006 3264 et
1032 3199 1268 3266 Wellhausenii
1295 3205 1480 3286 sententiae,

317 3310 531 3368 consonantes
561 3298 728 3365 vocalibus
760 3297 982 3384 significandis
1014 3300 1227 3365 inservientes
1258 3303 1388 3368 omnino
1417 3325 1479 3369 non

317 3402 359 3468 ab
382 3400 568 3466 auctoribus
593 3400 757 3487 profectas
787 3397 843 3463 sed
869 3397 968 3463 multo
997 3406 1070 3484 post
1099 3398 1228 3464 additas
1258 3423 1342 3484 esse,
1371 3402 1479 3467 album

385 3685 410 3753 1)
428 3683 499 3738 Jam.
518 3682 551 3736 R.
569 3681 643 3745 Sim,
661 3679 789 3749 quamvis
809 3677 930 3733 multum
947 3678 1027 3745 absit,
1047 3679 1115 3748 quin
1141 3679 1217 3736 hebr.
1240 3680 1369 3752 linguam
1390 3683 1481 3755 ipsam

316 3769 455 3823 mutatam
467 3783 527 3822 esse
545 3767 574 3819 et
586 3761 774 3818 Aramaismos
792 3761 936 3832 irrepsisse
953 3766 1046 3833 neget,
1064 3764 1097 3818 cl.
1115 3783 1143 3834 p.
1157 3769 1189 3820 23
1203 3807 1209 3818 .
1222 3807 1227 3819 .
1241 3783 1312 3821 .une
1329 3766 1438 3824 infinite
1449 3801 1481 3810 -

315 3855 398 3924 apres
415 3850 554 3922 plusieurs
572 3848 684 3904 siecles“
703 3848 732 3902 et
743 3846 895 3916 praecique
914 3865 940 3916 p.
960 3852 991 3902 13
1010 3864 1062 3913 „on
1074 3865 1091 3903 a
1103 3850 1221 3903 souvent
1239 3879 1271 3890 -
1288 3852 1334 3906 oso
1350 3851 1378 3906 le
1396 3851 1481 3907 faire‘

315 3936 458 3992 interdum
481 3937 577 3990 tamen
598 3931 717 3986 recurrit
739 3931 776 3987 ad
802 3948 888 3996 „ceux
909 3933 958 4001 qui
984 3934 1035 3987 ont
1059 3932 1113 3989 fait
1135 3933 1161 3988 le
1183 3929 1299 3988 Recuail
1320 3935 1369 3989 des
1387 3935 1481 3992 Livres

316 4023 428 4078 Saords“
446 4038 473 4090 p.
493 4023 525 4074 33
543 4017 601 4072 sive
624 4033 709 4082 „ceux
727 4015 775 4085 qui
794 4019 844 4071 ont
860 4017 995 4072 retouehd
1013 4019 1082 4072 cet.“
1099 4036 1125 4087 p.
1144 4023 1184 4074 39.
1221 4017 1260 4072 Of.
1279 4018 1365 4073 etiam
1383 4020 1480 4084 Klein..

316 4125 343 4176 p.
364 4109 426 4170 2153
446 4100 548 4158 Wellh.
568 4101 665 4156 Geseh.
684 4119 711 4171 p.
729 4107 778 4158 402
798 4101 843 4172 (de
861 4101 967 4156 suffixis
985 4102 1061 4156 verb.
1082 4103 1111 4156 et
1128 4103 1224 4158 formis
1242 4116 1353 4157 cumas
1372 4121 1481 4175 compo·

315 4189 395 4257 sitis).
414 4217 447 4228 -
465 4204 489 4241 v.
509 4185 652 4256 hengerlre
670 4203 696 4256 p.
720 4184 836 4240 XCVIII
859 4184 1021 4253 (difficulter
1043 4187 1193 4256 propterea
1215 4188 1306 4242 fontes
1323 4187 1479 4246 iuveniores

315 4273 375 4330 erui
390 4274 495 4346 posse);
514 4270 628 4328 Schrad.
650 4277 713 4330 1863
733 4289 759 4344 p.
781 4275 841 4338 1185
859 4269 951 4326 Dillm.
970 4287 997 4344 p.
1018 4275 1073 4326 102.
1094 4276 1149 4328 110.
1170 4275 1301 4330 150157.
1322 4278 1379 4334 170.
