3232 5042
661 354 865 418 -27-

182 519 375 605 scriptorum
403 517 504 582 fuisse
532 525 657 602 patrem
685 517 830 582 nonnulli
858 517 1051 600 affirmant*,
1085 525 1212 604 partem
1237 517 1345 599 officit,

181 621 227 684 ita
250 618 393 683 scribere
416 625 588 682 consuetus
611 627 710 700 essct,
740 639 805 682 non
828 639 892 682 una
914 639 1013 682 causa
1036 617 1181 682 deterriti
1202 639 1267 682 non
1290 640 1344 682 au-

182 719 338 784 debimus.
382 717 484 783 Porro
507 722 549 798 (2)
574 717 681 782 dubiis
704 739 769 782 non
791 723 880 782 caret
901 739 940 782 ea
963 719 1130 794 sententia,
1142 717 1289 783 Pontum.
1309 719 1343 781 in

181 819 327 884 ultimam
359 819 514 903 formam,
543 841 642 906 quam
671 841 758 884 nnnc
792 820 890 882 etiam
918 818 1079 883 vocalium
1106 819 1208 884 literis
1235 818 1344 899 refert,

182 921 272 1006 prius
295 941 391 1006 quam
415 917 495 982 alios
517 917 556 982 V.
573 917 623 994 Ti,
643 917 745 982 libros
768 926 799 980 et
817 939 854 982 eo
871 916 1001 1003 quidem
1016 925 1162 1004 tempore
1177 917 1344 982 redactum

182 1040 253 1082 esse
275 1016 329 1099 (ab
346 1015 540 1080 ,auctoribus
562 1014 696 1100 ipsisr),
725 1037 788 1102 quo
816 1015 959 1080 nondum
992 1015 1055 1080 duo
1082 1039 1204 1101 genera
1230 1019 1346 1081 tertiae

182 1137 343 1202 personae
364 1117 447 1200 sing.
470 1113 711 1200 pronuntiando
730 1113 883 1178 distincta
905 1122 987 1178 sunt.
1032 1114 1098 1180 Sed
1120 1117 1165 1198 (3)
1187 1113 1249 1180 hoc
1271 1137 1345 1180 con-

182 1213 363 1279 cedendum
385 1223 434 1278 est
456 1221 487 1277 et
506 1235 546 1276 ne
568 1235 589 1278 a
610 1213 731 1277 criticis
754 1213 885 1299 quidem
901 1214 1014 1298 negari
1032 1221 1147 1300 potest,
1162 1211 1345 1298 Hebraeos,

182 1315 302 1402 quippe
325 1314 379 1399 qui
399 1335 464 1378 non
485 1313 717 1398 ignoraverint,
738 1311 884 1398 linguam
908 1334 1000 1377 suam
1021 1313 1056 1376 in
1077 1313 1163 1378 illius
1184 1315 1345 1399 pronomi—

181 1416 232 1477 nis
254 1435 372 1497 genere
394 1412 571 1478 excolendo
591 1435 800 1499 progressam
819 1435 901 1487 esse,
920 1435 957 1477 eo
973 1411 1109 1477 consilio
1124 1435 1183 1498 per
1196 1413 1346 1479 Pentum.

182 1533 279 1575 unam
303 1511 441 1576 formam
462 1533 521 1596 pro
544 1519 682 1597 utroque
702 1531 821 1596 genere
843 1512 1001 1596 posuisse,
1024 1521 1067 1587 ut,
1084 1533 1157 1574 eum
1173 1512 1347 1597 antiquiori

183 1611 284 1675 aetati
306 1609 546 1674 attribuendum
569 1631 650 1692 esse,
674 1609 896 1695 significarent
909 1611 940 1687 1).

265 1709 468 1790 *Quominus
496 1712 547 1774 iis
563 1712 736 1787 assentiar,
763 1709 814 1774 his
836 1709 1007 1796 impedior.
1048 1709 1122 1774 Non
1144 1708 1293 1789 laetarer,
1318 1712 1345 1774 si

185 1810 225 1875 de
249 1809 359 1876 verbis
386 1810 517 1896 litigare
543 1810 692 1886 vidercr3
730 1818 873 1876 attamen
896 1811 996 1874 nimia
1017 1811 1052 1873 vi
1073 1817 1225 1895 temptor,
1249 1831 1347 1896 quam

183 1919 313 1994 utnon,
336 1909 453 1997 quibus
474 1910 584 1975 verbis
596 1909 715 1974 Wellh.
739 1933 771 1996 p.
794 1915 852 1976 621
872 1909 1073 1995 Lagardium
1096 1909 1304 1995 impugnavit
1312 1907 1346 1991 2),

184 2011 224 2073 iis
254 2009 298 2072 ad
330 2032 402 2074 eum
430 2012 538 2098 ipsum
553 2009 778 2074 'refellendum
805 2019 887 2075 utar.
931 2009 1014 2072 Nam
1049 2010 1076 2071 si
1104 2007 1221 2072 Wellh.
1244 2007 1347 2084 affert,
1444 2049 1446 2054 ·

186 2109 439 2175 Olshausenium
449 2109 473 2187 ³)
495 2111 560 2174 iam
582 2109 716 2193 idcirco,
743 2111 820 2194 quia
842 2108 990 2174 omnibus
1019 2108 1251 2192 manuscriptis
1278 2115 1348 2172 eae-

185 2210 258 2274 dem
286 2233 338 2275 res
368 2212 470 2274 mirae
497 2210 658 2292 (lacunae;
687 2210 801 2274 literae
822 2211 987 2292 inversae,
1011 2229 1202 2294 suspensae,
1231 2209 1348 2272 maius-

185 2309 285 2392 culae,
308 2309 519 2392 minusculae)
543 2311 777 2392 contineantur,
801 2331 839 2373 ea
861 2310 970 2372 omnia
992 2307 1034 2371 ab
1057 2309 1151 2371 unico
1168 2305 1357 2392 exemplari·

186 2409 351 2474 derivare:
373 2411 486 2496 petitio
509 2412 663 2497 principii
685 2417 742 2476 est.
787 2408 914 2490 Quodsi
935 2408 983 2472 illi
1005 2431 1105 2493 arga,
1129 2406 1246 2494 quibus
1267 2407 1349 2492 Lag,

143 2545 145 2549 ·
184 2509 320 2574 eandem
347 2512 538 2575 sententiam
572 2510 729 2592 defendit,
760 2533 825 2576 non
852 2509 1124 2595 comprobantur,
1161 2507 1250 2572 nulla
1284 2507 1349 2570 alia

184 2617 267 2672 sunt.
311 2609 469 2693 Lagardii
497 2618 605 2674 autem
636 2633 726 2695 arga.
753 2609 813 2674 has
835 2608 877 2674 ob
900 2631 1016 2673 causas
1037 2606 1118 2671 mibi
1141 2607 1348 2694 reprobanda

184 2731 256 2773 esse
277 2705 449 2774 videntur.¹
479 2709 654 2776 Primum
676 2731 729 2774 res
754 2733 813 2797 per
841 2732 875 2774 se
898 2716 1046 2796 spectata
1068 2731 1133 2772 non
1157 2715 1262 2794 potest
1283 2729 1348 2772 non

184 2811 327 2874 maxime
353 2808 554 2873 incredibilis
581 2809 676 2873 nobis
702 2808 818 2873 videri.
864 2807 948 2888 Quid
976 2807 1060 2874 enim
1087 2807 1193 2892 magis
1222 2807 1348 2886 mirum,

185 2931 282 2995 quam
304 2907 388 2992 quod
412 2932 454 2974 ex
475 2919 595 2995 aetate,
621 2931 685 2997 qua
713 2908 822 2973 lexat
845 2907 1023 2994 prophetae
1045 2915 1094 2972 tot
1113 2908 1148 2970 in
1171 2907 1349 2992 synagogis

184 3007 377 3094 legebantur
412 3019 444 3073 et
470 3009 588 3095 psalmi
610 3009 841 3090 cantabantur,
863 3031 963 3074 unum
985 3007 1087 3072 solum
1111 3006 1280 3092 exemplar
1300 3029 1348 3070 re-

185 3111 354 3192 manserit,
377 3117 413 3174 ut
435 3111 543 3174 omnia
567 3118 679 3175 nostra
701 3110 924 3196 manuscripta
945 3107 1137 3194 generaret?
1174 3106 1348 3178 Deinde,

185 3212 312 3276 etiamsi
348 3210 508 3297 explicari
549 3233 614 3276 non
644 3212 807 3296 possen),
844 3233 900 3276 cur
932 3219 1047 3274 cuncta
1080 3207 1138 3272 illa
1170 3205 1350 3291 singularia

255 3463 279 3527 1)
297 3457 484 3514 Pentateuchi
502 3471 556 3511 aur
564 3474 616 3528 pro
641 3472 689 3510 san
711 3456 899 3512 archaismum
919 3454 1084 3520 iudicantes,
1101 3453 1187 3509 Muhl.
1207 3455 1236 3509 et
1253 3452 1348 3517 Volclr,

186 3543 249 3598 Lex.
267 3561 287 3598 s.
305 3561 340 3610 v,
358 3541 548 3598 verisimiliter
564 3540 618 3596 sibi
637 3541 793 3607 voluerunt,
812 3539 992 3595 secundam
1011 3539 1084 3593 viam
1101 3540 1137 3594 ad
1149 3537 1351 3609 expediendam

186 3626 381 3682 difficultatem
398 3625 708 3706 ingrediendachrgo
721 3625 903 3694 scriptionem
914 3625 951 3680 ab
970 3623 1077 3678 ultimis
1089 3624 1178 3680 Ponti.
1197 3621 1350 3678 auctori-

186 3709 246 3764 bus
259 3710 328 3781 ipsis
339 3711 522 3780 repetendam
534 3727 601 3766 esse.
624 3709 764 3764 Kautzsch
776 3707 877 3776 (Gram.
892 3709 954 3764 Ges.
966 3727 993 3778 p.
1007 3713 1051 3770 86;
1063 3708 1159 3762 Sohar.
1177 3707 1227 3760 Th.
1244 3706 1350 3775 Ltrztg.

188 3799 265 3858 1878;
283 3795 331 3850 Nr.
357 3797 398 3867 18)
423 3798 453 3850 et
473 3795 556 3849 Ndld.
581 3795 617 3864 (Z.
636 3794 670 3848 D.
688 3794 725 3848 M.
744 3793 776 3848 G.
801 3797 875 3857 1878,
901 3812 929 3863 p.
952 3795 1013 3856 591)
1034 3791 1244 3845 Wellhausenio
1266 3789 1296 3842 in
1318 3806 1351 3844 eo

186 3879 353 3949 adstipulati
371 3881 443 3946 sunt,
462 3879 538 3948 quod
555 3878 665 3949 prima
681 3878 728 3934 via
739 3877 820 3932 illam
832 3877 922 3932 Ponti.
941 3876 1144 3946 proprietatem
1156 3873 1350 3945 explicandam

188 3980 247 4018 esse
264 3964 378 4018 ducunt.
397 3997 431 4004 -
449 3967 474 4034 1)
493 3965 593 4029 „Dicae
611 3963 764 4032 Wendung
782 3964 848 4029 (von
865 3961 1004 4033 Lagurde)
1022 3959 1093 4014 wird
1109 3976 1176 4014 man
1192 3959 1271 4013 nicht
1288 3959 1352 4013 sehr

188 4046 331 4116 glbeklich
348 4049 468 4103 finden“.
495 4081 530 4088 —
560 4052 585 4110 3)
602 4046 673 4100 Mihi
692 4047 806 4114 quidem
827 4062 884 4100 non
907 4046 1088 4102 metuendum
1107 4045 1157 4109 est,
1180 4061 1215 4098 ne
1233 4042 1351 4096 Olshau-

187 4131 258 4186 senii
287 4132 321 4186 de
339 4132 430 4200 gloria
448 4132 598 4186 detrahere
627 4132 739 4186 studere
767 4130 872 4184 videar.
909 4130 948 4185 ef.
966 4129 1075 4183 libellos
1092 4147 1168 4184 meos
1192 4127 1350 4194 „Godanke

170 4216 259 4270 -Laut
275 4233 302 4270 u.
322 4218 445 4271 Accent“
464 4221 537 4280 187-1,
555 4235 583 4286 p.
604 4221 665 4280 1003
683 4213 777 4280 „seua
795 4221 821 4269 u.
840 4215 866 4269 d.
877 4215 1024 4283 Aethiop.“
1043 4218 1115 4280 1877,
1133 4233 1160 4284 p.
1180 4219 1261 4268 73.-
1273 4215 1299 4284 4)
1309 4213 1350 4268 Of.

187 4303 282 4355 alitem
306 4302 354 4355 lix.
378 4307 418 4366 34,
444 4307 486 4356 14:
515 4302 568 4356 hoc
589 4315 640 4355 aris
662 4299 778 4354 maximi
799 4299 936 4355 momenti
957 4301 1011 4368 est,
1041 4297 1105 4353 Nm.
1127 4305 1166 4365 10,
1185 4305 1217 4354 35
1235 4317 1256 4354 s.
1279 4300 1351 4354 duae
