<?xml version="1.0" encoding="UTF-8"?>
<!DOCTYPE html PUBLIC "-//W3C//DTD XHTML 1.0 Transitional//EN"
    "http://www.w3.org/TR/xhtml1/DTD/xhtml1-transitional.dtd">
<html xmlns="http://www.w3.org/1999/xhtml" xml:lang="en" lang="en">
 <head>
  <title>
</title>
<meta http-equiv="Content-Type" content="text/html;charset=utf-8" />
  <meta name='ocr-system' content='tesseract 3.04.00' />
  <meta name='ocr-capabilities' content='ocr_page ocr_carea ocr_par ocr_line ocrx_word'/>
</head>
<body>
  <div class='ocr_page' id='page_1' title='image "./decriticaesacra00kngoog_0058.png"; bbox 0 0 3232 5042; ppageno 0'>
   <div class='ocr_carea' id='block_1_1' title="bbox 661 357 863 419">
    <p class='ocr_par' dir='ltr' id='par_1_1' title="bbox 661 357 863 419">
     <span class='ocr_line' id='line_1_1' title="bbox 661 357 863 419; baseline 0.01 -19"><span class='ocrx_word' id='word_1_1' title='bbox 661 357 863 419; x_wconf 60' lang='lat'><strong>„53..</strong></span> 
     </span>
    </p>
   </div>
   <div class='ocr_carea' id='block_1_2' title="bbox 180 518 1345 904">
    <p class='ocr_par' dir='ltr' id='par_1_2' title="bbox 180 518 1345 904">
     <span class='ocr_line' id='line_1_2' title="bbox 182 518 1345 608; baseline 0.005 -26"><span class='ocrx_word' id='word_1_2' title='bbox 182 541 262 606; x_wconf 87' lang='lat' dir='ltr'><strong>quas</strong></span> <span class='ocrx_word' id='word_1_3' title='bbox 282 518 420 584; x_wconf 89' lang='lat' dir='ltr'><strong>lectores</strong></span> <span class='ocrx_word' id='word_1_4' title='bbox 442 522 507 607; x_wconf 90' lang='lat' dir='ltr'><strong>ipsi</strong></span> <span class='ocrx_word' id='word_1_5' title='bbox 529 521 718 608; x_wconf 79' lang='lat' dir='ltr'><strong>saepissime</strong></span> <span class='ocrx_word' id='word_1_6' title='bbox 742 519 898 584; x_wconf 90' lang='lat' dir='ltr'><strong>adhibent</strong></span> <span class='ocrx_word' id='word_1_7' title='bbox 920 527 952 584; x_wconf 88' lang='lat' dir='ltr'><strong>et</strong></span> <span class='ocrx_word' id='word_1_8' title='bbox 967 519 1179 588; x_wconf 78' lang='lat' dir='ltr'><strong>libentissime</strong></span> <span class='ocrx_word' id='word_1_9' title='bbox 1202 525 1345 590; x_wconf 86' lang='lat' dir='ltr'><strong>audiunt.</strong></span> 
     </span>
     <span class='ocr_line' id='line_1_3' title="bbox 180 618 1345 710; baseline 0.005 -28"><span class='ocrx_word' id='word_1_10' title='bbox 180 618 232 682; x_wconf 81' lang='lat' dir='ltr'><strong>Ea</strong></span> <span class='ocrx_word' id='word_1_11' title='bbox 254 624 361 684; x_wconf 87' lang='lat' dir='ltr'><strong>autem</strong></span> <span class='ocrx_word' id='word_1_12' title='bbox 384 620 496 706; x_wconf 88' lang='lat' dir='ltr'><strong>regula</strong></span> <span class='ocrx_word' id='word_1_13' title='bbox 511 621 619 686; x_wconf 90' lang='lat' dir='ltr'><strong>minus</strong></span> <span class='ocrx_word' id='word_1_14' title='bbox 640 627 728 684; x_wconf 86' lang='lat' dir='ltr'><strong>certa</strong></span> <span class='ocrx_word' id='word_1_15' title='bbox 744 643 841 708; x_wconf 89' lang='lat' dir='ltr'><strong>quam</strong></span> <span class='ocrx_word' id='word_1_16' title='bbox 856 621 1054 708; x_wconf 88' lang='lat' dir='ltr'><strong>praecedens</strong></span> <span class='ocrx_word' id='word_1_17' title='bbox 1078 630 1135 707; x_wconf 88' lang='lat' dir='ltr'><strong>est,</strong></span> <span class='ocrx_word' id='word_1_18' title='bbox 1160 625 1235 710; x_wconf 91' lang='lat' dir='ltr'><strong>quia</strong></span> <span class='ocrx_word' id='word_1_19' title='bbox 1257 623 1345 688; x_wconf 93' lang='lat' dir='ltr'><strong>nullo</strong></span> 
     </span>
     <span class='ocr_line' id='line_1_4' title="bbox 181 718 1344 809; baseline 0.002 -23"><span class='ocrx_word' id='word_1_20' title='bbox 181 725 326 804; x_wconf 87' lang='lat' dir='ltr'><strong>tempore</strong></span> <span class='ocrx_word' id='word_1_21' title='bbox 349 718 534 804; x_wconf 89' lang='lat' dir='ltr'><strong>defuerunt,</strong></span> <span class='ocrx_word' id='word_1_22' title='bbox 563 722 618 808; x_wconf 93' lang='lat' dir='ltr'><strong>qui</strong></span> <span class='ocrx_word' id='word_1_23' title='bbox 639 719 815 786; x_wconf 89' lang='lat' dir='ltr'><strong>lectoribus</strong></span> <span class='ocrx_word' id='word_1_24' title='bbox 845 722 1075 809; x_wconf 86' lang='lat' dir='ltr'><strong>impedimenta</strong></span> <span class='ocrx_word' id='word_1_25' title='bbox 1097 723 1291 809; x_wconf 80' lang='lat' dir='ltr'><strong>praeberent</strong></span> <span class='ocrx_word' id='word_1_26' title='bbox 1313 731 1344 788; x_wconf 90' lang='lat' dir='ltr'><strong>et</strong></span> 
     </span>
     <span class='ocr_line' id='line_1_5' title="bbox 182 819 738 904; baseline 0 -20"><span class='ocrx_word' id='word_1_27' title='bbox 182 819 371 904; x_wconf 89' lang='lat' dir='ltr'><strong>aenigmata</strong></span> <span class='ocrx_word' id='word_1_28' title='bbox 394 820 539 886; x_wconf 87' lang='lat' dir='ltr'><strong>orationi</strong></span> <span class='ocrx_word' id='word_1_29' title='bbox 552 822 738 886; x_wconf 89' lang='lat' dir='ltr'><strong>insererent.</strong></span> 
     </span>
    </p>
   </div>
   <div class='ocr_carea' id='block_1_3' title="bbox 180 951 1345 1638">
    <p class='ocr_par' dir='ltr' id='par_1_3' title="bbox 180 951 1345 1638">
     <span class='ocr_line' id='line_1_6' title="bbox 262 951 1344 1041; baseline 0.004 -25"><span class='ocrx_word' id='word_1_30' title='bbox 262 951 473 1038; x_wconf 89' lang='lat' dir='ltr'><strong>Postquam</strong></span> <span class='ocrx_word' id='word_1_31' title='bbox 494 953 764 1038; x_wconf 81' lang='lat' dir='ltr'><strong>ostendimus,</strong></span> <span class='ocrx_word' id='word_1_32' title='bbox 788 953 903 1041; x_wconf 91' lang='lat' dir='ltr'><strong>quibus</strong></span> <span class='ocrx_word' id='word_1_33' title='bbox 926 955 1031 1019; x_wconf 91' lang='lat' dir='ltr'><strong>modis</strong></span> <span class='ocrx_word' id='word_1_34' title='bbox 1054 955 1186 1020; x_wconf 83' lang='lat' dir='ltr'><strong>libertas</strong></span> <span class='ocrx_word' id='word_1_35' title='bbox 1210 957 1344 1041; x_wconf 91' lang='lat' dir='ltr'><strong>scripto·</strong></span> 
     </span>
     <span class='ocr_line' id='line_1_7' title="bbox 181 1049 1345 1142; baseline 0.003 -26"><span class='ocrx_word' id='word_1_36' title='bbox 181 1075 252 1116; x_wconf 91' lang='lat' dir='ltr'><strong>rum</strong></span> <span class='ocrx_word' id='word_1_37' title='bbox 274 1049 326 1116; x_wconf 87' lang='lat' dir='ltr'><strong>vel</strong></span> <span class='ocrx_word' id='word_1_38' title='bbox 349 1053 547 1131; x_wconf 87' lang='lat' dir='ltr'><strong>conscientia</strong></span> <span class='ocrx_word' id='word_1_39' title='bbox 567 1054 723 1138; x_wconf 83' lang='lat' dir='ltr'><strong>vigilante</strong></span> <span class='ocrx_word' id='word_1_40' title='bbox 746 1053 797 1118; x_wconf 91' lang='lat' dir='ltr'><strong>vel</strong></span> <span class='ocrx_word' id='word_1_41' title='bbox 820 1053 999 1119; x_wconf 85' lang='lat' dir='ltr'><strong>dormiente</strong></span> <span class='ocrx_word' id='word_1_42' title='bbox 1022 1055 1072 1118; x_wconf 90' lang='lat' dir='ltr'><strong>vel</strong></span> <span class='ocrx_word' id='word_1_43' title='bbox 1103 1078 1122 1119; x_wconf 91' lang='lat' dir='ltr'><strong>a</strong></span> <span class='ocrx_word' id='word_1_44' title='bbox 1145 1077 1178 1119; x_wconf 85' lang='lat' dir='ltr'><strong>se</strong></span> <span class='ocrx_word' id='word_1_45' title='bbox 1200 1057 1273 1142; x_wconf 88' lang='lat' dir='ltr'><strong>ipsa</strong></span> <span class='ocrx_word' id='word_1_46' title='bbox 1294 1055 1345 1120; x_wconf 92' lang='lat' dir='ltr'><strong>vel</strong></span> 
     </span>
     <span class='ocr_line' id='line_1_8' title="bbox 180 1153 1345 1218; baseline 0.003 -3"><span class='ocrx_word' id='word_1_47' title='bbox 180 1153 383 1217; x_wconf 88' lang='lat' dir='ltr'><strong>extrinsecus</strong></span> <span class='ocrx_word' id='word_1_48' title='bbox 400 1160 602 1217; x_wconf 79' lang='lat' dir='ltr'><strong>coerceatur:</strong></span> <span class='ocrx_word' id='word_1_49' title='bbox 626 1177 707 1218; x_wconf 89' lang='lat' dir='ltr'><strong>eam</strong></span> <span class='ocrx_word' id='word_1_50' title='bbox 724 1153 874 1218; x_wconf 90' lang='lat' dir='ltr'><strong>duobus</strong></span> <span class='ocrx_word' id='word_1_51' title='bbox 890 1153 1067 1218; x_wconf 88' lang='lat' dir='ltr'><strong>vinculis</strong></span> <span class='ocrx_word' id='word_1_52' title='bbox 1091 1155 1218 1218; x_wconf 88' lang='lat' dir='ltr'><strong>minus</strong></span> <span class='ocrx_word' id='word_1_53' title='bbox 1240 1161 1345 1218; x_wconf 91' lang='lat' dir='ltr'><strong>recte</strong></span> 
     </span>
     <span class='ocr_line' id='line_1_9' title="bbox 180 1251 1345 1336; baseline 0 -20"><span class='ocrx_word' id='word_1_54' title='bbox 180 1251 426 1318; x_wconf 84' lang='lat' dir='ltr'><strong>adstrictam</strong></span> <span class='ocrx_word' id='word_1_55' title='bbox 449 1275 536 1316; x_wconf 90' lang='lat' dir='ltr'><strong>esse</strong></span> <span class='ocrx_word' id='word_1_56' title='bbox 558 1252 718 1317; x_wconf 88' lang='lat' dir='ltr'><strong>addimus.</strong></span> <span class='ocrx_word' id='word_1_57' title='bbox 758 1252 889 1318; x_wconf 83' lang='lat' dir='ltr'><strong>Scilicet</strong></span> <span class='ocrx_word' id='word_1_58' title='bbox 911 1255 938 1318; x_wconf 92' lang='lat' dir='ltr'><strong>si</strong></span> <span class='ocrx_word' id='word_1_59' title='bbox 952 1253 1043 1318; x_wconf 90' lang='lat' dir='ltr'><strong>multi</strong></span> <span class='ocrx_word' id='word_1_60' title='bbox 1066 1252 1307 1336; x_wconf 89' lang='lat' dir='ltr'><strong>contenderunt,</strong></span> <span class='ocrx_word' id='word_1_61' title='bbox 1323 1254 1345 1331; x_wconf 84' lang='lat'><strong>1)</strong></span> 
     </span>
     <span class='ocr_line' id='line_1_10' title="bbox 184 1351 1345 1440; baseline 0 -24"><span class='ocrx_word' id='word_1_62' title='bbox 184 1373 273 1416; x_wconf 83' lang='lat' dir='ltr'><strong>suam</strong></span> <span class='ocrx_word' id='word_1_63' title='bbox 294 1351 408 1440; x_wconf 89' lang='lat' dir='ltr'><strong>cuique</strong></span> <span class='ocrx_word' id='word_1_64' title='bbox 440 1351 595 1416; x_wconf 86' lang='lat' dir='ltr'><strong>historiae</strong></span> <span class='ocrx_word' id='word_1_65' title='bbox 617 1352 752 1438; x_wconf 85' lang='lat' dir='ltr'><strong>periodo</strong></span> <span class='ocrx_word' id='word_1_66' title='bbox 775 1353 1038 1417; x_wconf 88' lang='lat' dir='ltr'><strong>consuetudinem</strong></span> <span class='ocrx_word' id='word_1_67' title='bbox 1070 1352 1232 1418; x_wconf 87' lang='lat' dir='ltr'><strong>scribendi</strong></span> <span class='ocrx_word' id='word_1_68' title='bbox 1255 1354 1345 1416; x_wconf 88' lang='lat' dir='ltr'><strong>attri-</strong></span> 
     </span>
     <span class='ocr_line' id='line_1_11' title="bbox 183 1450 1344 1539; baseline 0.002 -25"><span class='ocrx_word' id='word_1_69' title='bbox 183 1450 346 1516; x_wconf 91' lang='lat' dir='ltr'><strong>buendam</strong></span> <span class='ocrx_word' id='word_1_70' title='bbox 369 1475 440 1517; x_wconf 89' lang='lat' dir='ltr'><strong>esse</strong></span> <span class='ocrx_word' id='word_1_71' title='bbox 463 1459 494 1516; x_wconf 88' lang='lat' dir='ltr'><strong>et</strong></span> <span class='ocrx_word' id='word_1_72' title='bbox 516 1475 626 1516; x_wconf 89' lang='lat' dir='ltr'><strong>omnes</strong></span> <span class='ocrx_word' id='word_1_73' title='bbox 645 1452 739 1515; x_wconf 88' lang='lat' dir='ltr'><strong>unius</strong></span> <span class='ocrx_word' id='word_1_74' title='bbox 755 1453 882 1537; x_wconf 89' lang='lat' dir='ltr'><strong>periodi</strong></span> <span class='ocrx_word' id='word_1_75' title='bbox 905 1454 1079 1539; x_wconf 87' lang='lat' dir='ltr'><strong>scriptores</strong></span> <span class='ocrx_word' id='word_1_76' title='bbox 1096 1455 1135 1516; x_wconf 74' lang='lat' dir='ltr'><strong>eta</strong></span> <span class='ocrx_word' id='word_1_77' title='bbox 1149 1453 1229 1537; x_wconf 89' lang='lat' dir='ltr'><strong>regi,</strong></span> <span class='ocrx_word' id='word_1_78' title='bbox 1245 1451 1344 1516; x_wconf 89' lang='lat' dir='ltr'><strong>libros</strong></span> 
     </span>
     <span class='ocr_line' id='line_1_12' title="bbox 184 1551 1344 1638; baseline -0.001 -23"><span class='ocrx_word' id='word_1_79' title='bbox 184 1557 290 1616; x_wconf 89' lang='lat' dir='ltr'><strong>autem</strong></span> <span class='ocrx_word' id='word_1_80' title='bbox 307 1551 404 1616; x_wconf 89' lang='lat' dir='ltr'><strong>aliam</strong></span> <span class='ocrx_word' id='word_1_81' title='bbox 426 1551 567 1616; x_wconf 88' lang='lat' dir='ltr'><strong>indolem</strong></span> <span class='ocrx_word' id='word_1_82' title='bbox 589 1552 764 1616; x_wconf 88' lang='lat' dir='ltr'><strong>referentes</strong></span> <span class='ocrx_word' id='word_1_83' title='bbox 786 1551 833 1616; x_wconf 93' lang='lat' dir='ltr'><strong>illi</strong></span> <span class='ocrx_word' id='word_1_84' title='bbox 849 1551 982 1638; x_wconf 88' lang='lat' dir='ltr'><strong>periodo</strong></span> <span class='ocrx_word' id='word_1_85' title='bbox 1005 1551 1239 1616; x_wconf 89' lang='lat' dir='ltr'><strong>abiudicandos</strong></span> <span class='ocrx_word' id='word_1_86' title='bbox 1256 1574 1344 1616; x_wconf 90' lang='lat' dir='ltr'><strong>esse:</strong></span> 
     </span>
    </p>
   </div>
   <div class='ocr_carea' id='block_1_4' title="bbox 89 1649 1344 1737">
    <p class='ocr_par' dir='ltr' id='par_1_4' title="bbox 89 1649 1344 1737">
     <span class='ocr_line' id='line_1_13' title="bbox 89 1649 1344 1737; baseline -0.001 -22"><span class='ocrx_word' id='word_1_87' title='bbox 89 1687 91 1694; x_wconf 43' lang='lat' dir='ltr'><strong>v</strong></span> <span class='ocrx_word' id='word_1_88' title='bbox 183 1673 243 1736; x_wconf 86' lang='lat' dir='ltr'><strong>ego</strong></span> <span class='ocrx_word' id='word_1_89' title='bbox 258 1649 389 1737; x_wconf 89' lang='lat' dir='ltr'><strong>quidem</strong></span> <span class='ocrx_word' id='word_1_90' title='bbox 411 1653 561 1716; x_wconf 87' lang='lat' dir='ltr'><strong>assentiri</strong></span> <span class='ocrx_word' id='word_1_91' title='bbox 583 1675 646 1716; x_wconf 91' lang='lat' dir='ltr'><strong>non</strong></span> <span class='ocrx_word' id='word_1_92' title='bbox 669 1674 810 1737; x_wconf 91' lang='lat' dir='ltr'><strong>possum.</strong></span> <span class='ocrx_word' id='word_1_93' title='bbox 847 1651 930 1715; x_wconf 88' lang='lat' dir='ltr'><strong>Nam</strong></span> <span class='ocrx_word' id='word_1_94' title='bbox 951 1658 987 1714; x_wconf 88' lang='lat' dir='ltr'><strong>ut</strong></span> <span class='ocrx_word' id='word_1_95' title='bbox 1007 1673 1071 1714; x_wconf 92' lang='lat' dir='ltr'><strong>non</strong></span> <span class='ocrx_word' id='word_1_96' title='bbox 1094 1673 1205 1715; x_wconf 88' lang='lat' dir='ltr'><strong>omnes</strong></span> <span class='ocrx_word' id='word_1_97' title='bbox 1217 1651 1344 1737; x_wconf 87' lang='lat' dir='ltr'><strong>periodi</strong></span> 
     </span>
    </p>
   </div>
   <div class='ocr_carea' id='block_1_5' title="bbox 166 1749 1346 3012">
    <p class='ocr_par' dir='ltr' id='par_1_5' title="bbox 166 1749 1346 3012">
     <span class='ocr_line' id='line_1_14' title="bbox 182 1749 1343 1838; baseline 0.002 -24"><span class='ocrx_word' id='word_1_98' title='bbox 182 1749 350 1834; x_wconf 81' lang='lat' dir='ltr'><strong>classicae,</strong></span> <span class='ocrx_word' id='word_1_99' title='bbox 373 1773 456 1838; x_wconf 88' lang='lat' dir='ltr'><strong>quae</strong></span> <span class='ocrx_word' id='word_1_100' title='bbox 480 1749 608 1832; x_wconf 88' lang='lat' dir='ltr'><strong>dicitur,</strong></span> <span class='ocrx_word' id='word_1_101' title='bbox 630 1758 779 1816; x_wconf 89' lang='lat' dir='ltr'><strong>auctores</strong></span> <span class='ocrx_word' id='word_1_102' title='bbox 800 1751 843 1815; x_wconf 88' lang='lat' dir='ltr'><strong>ad</strong></span> <span class='ocrx_word' id='word_1_103' title='bbox 857 1751 943 1814; x_wconf 87' lang='lat' dir='ltr'><strong>idern</strong></span> <span class='ocrx_word' id='word_1_104' title='bbox 965 1751 1133 1835; x_wconf 84' lang='lat' dir='ltr'><strong>fastigium</strong></span> <span class='ocrx_word' id='word_1_105' title='bbox 1155 1751 1343 1834; x_wconf 87' lang='lat' dir='ltr'><strong>ascendunt,</strong></span> 
     </span>
     <span class='ocr_line' id='line_1_15' title="bbox 182 1849 1345 1937; baseline 0 -23"><span class='ocrx_word' id='word_1_106' title='bbox 182 1851 229 1914; x_wconf 86' lang='lat' dir='ltr'><strong>sic</strong></span> <span class='ocrx_word' id='word_1_107' title='bbox 253 1851 392 1937; x_wconf 88' lang='lat' dir='ltr'><strong>scriptor</strong></span> <span class='ocrx_word' id='word_1_108' title='bbox 414 1849 497 1914; x_wconf 88' lang='lat' dir='ltr'><strong>alius</strong></span> <span class='ocrx_word' id='word_1_109' title='bbox 513 1849 640 1935; x_wconf 91' lang='lat' dir='ltr'><strong>periodi</strong></span> <span class='ocrx_word' id='word_1_110' title='bbox 659 1850 811 1914; x_wconf 88' lang='lat' dir='ltr'><strong>classicos</strong></span> <span class='ocrx_word' id='word_1_111' title='bbox 828 1853 1043 1937; x_wconf 87' lang='lat' dir='ltr'><strong>aequiparare</strong></span> <span class='ocrx_word' id='word_1_112' title='bbox 1059 1857 1174 1936; x_wconf 88' lang='lat' dir='ltr'><strong>potest.</strong></span> <span class='ocrx_word' id='word_1_113' title='bbox 1190 1886 1229 1896; x_wconf 95' lang='lat'><em>-</em></span> <span class='ocrx_word' id='word_1_114' title='bbox 1245 1849 1345 1914; x_wconf 82' lang='lat' dir='ltr'><strong>Aliud</strong></span> 
     </span>
     <span class='ocr_line' id='line_1_16' title="bbox 166 1948 1343 2036; baseline 0.003 -24"><span class='ocrx_word' id='word_1_115' title='bbox 166 1956 232 2014; x_wconf 88' lang='lat' dir='ltr'><strong>-est</strong></span> <span class='ocrx_word' id='word_1_116' title='bbox 253 1949 458 2033; x_wconf 86' lang='lat' dir='ltr'><strong>contendere,</strong></span> <span class='ocrx_word' id='word_1_117' title='bbox 473 1948 529 2013; x_wconf 90' lang='lat' dir='ltr'><strong>illa</strong></span> <span class='ocrx_word' id='word_1_118' title='bbox 543 1948 616 2033; x_wconf 89' lang='lat' dir='ltr'><strong>lege</strong></span> <span class='ocrx_word' id='word_1_119' title='bbox 631 1949 771 2036; x_wconf 88' lang='lat' dir='ltr'><strong>aliquem</strong></span> <span class='ocrx_word' id='word_1_120' title='bbox 786 1949 1078 2014; x_wconf 88' lang='lat' dir='ltr'><strong>verisimilitudinis</strong></span> <span class='ocrx_word' id='word_1_121' title='bbox 1093 1948 1231 2035; x_wconf 89' lang='lat' dir='ltr'><strong>gradum</strong></span> <span class='ocrx_word' id='word_1_122' title='bbox 1250 1949 1343 2016; x_wconf 85' lang='lat' dir='ltr'><strong>effici.</strong></span> 
     </span>
     <span class='ocr_line' id='line_1_17' title="bbox 179 2048 1345 2135; baseline 0 -23"><span class='ocrx_word' id='word_1_123' title='bbox 179 2049 301 2132; x_wconf 86' lang='lat' dir='ltr'><strong>Negari</strong></span> <span class='ocrx_word' id='word_1_124' title='bbox 331 2049 418 2127; x_wconf 87' lang='lat' dir='ltr'><strong>enim</strong></span> <span class='ocrx_word' id='word_1_125' title='bbox 451 2071 516 2112; x_wconf 91' lang='lat' dir='ltr'><strong>non</strong></span> <span class='ocrx_word' id='word_1_126' title='bbox 546 2054 665 2134; x_wconf 89' lang='lat' dir='ltr'><strong>potest,</strong></span> <span class='ocrx_word' id='word_1_127' title='bbox 698 2049 875 2135; x_wconf 87' lang='lat' dir='ltr'><strong>prophetas</strong></span> <span class='ocrx_word' id='word_1_128' title='bbox 906 2048 1082 2113; x_wconf 87' lang='lat' dir='ltr'><strong>Jeremiam</strong></span> <span class='ocrx_word' id='word_1_129' title='bbox 1112 2048 1345 2135; x_wconf 87' lang='lat' dir='ltr'><strong>praecedentes</strong></span> 
     </span>
     <span class='ocr_line' id='line_1_18' title="bbox 184 2147 1343 2236; baseline 0 -24"><span class='ocrx_word' id='word_1_130' title='bbox 184 2155 297 2236; x_wconf 90' lang='lat' dir='ltr'><strong>poetas</strong></span> <span class='ocrx_word' id='word_1_131' title='bbox 325 2147 502 2213; x_wconf 89' lang='lat' dir='ltr'><strong>aemulatos</strong></span> <span class='ocrx_word' id='word_1_132' title='bbox 529 2169 615 2232; x_wconf 88' lang='lat' dir='ltr'><strong>esse,</strong></span> <span class='ocrx_word' id='word_1_133' title='bbox 644 2147 820 2214; x_wconf 90' lang='lat' dir='ltr'><strong>Jeremiam</strong></span> <span class='ocrx_word' id='word_1_134' title='bbox 855 2155 959 2214; x_wconf 85' lang='lat' dir='ltr'><strong>autem</strong></span> <span class='ocrx_word' id='word_1_135' title='bbox 989 2149 1097 2234; x_wconf 90' lang='lat' dir='ltr'><strong>ipsum</strong></span> <span class='ocrx_word' id='word_1_136' title='bbox 1128 2156 1160 2212; x_wconf 89' lang='lat' dir='ltr'><strong>et</strong></span> <span class='ocrx_word' id='word_1_137' title='bbox 1185 2149 1241 2235; x_wconf 94' lang='lat' dir='ltr'><strong>qui</strong></span> <span class='ocrx_word' id='word_1_138' title='bbox 1273 2171 1343 2212; x_wconf 92' lang='lat' dir='ltr'><strong>eum</strong></span> 
     </span>
     <span class='ocr_line' id='line_1_19' title="bbox 180 2247 1346 2334; baseline -0.002 -22"><span class='ocrx_word' id='word_1_139' title='bbox 180 2249 280 2312; x_wconf 90' lang='lat' dir='ltr'><strong>secuti</strong></span> <span class='ocrx_word' id='word_1_140' title='bbox 303 2256 377 2312; x_wconf 89' lang='lat' dir='ltr'><strong>sunt</strong></span> <span class='ocrx_word' id='word_1_141' title='bbox 397 2249 465 2312; x_wconf 89' lang='lat' dir='ltr'><strong>fere</strong></span> <span class='ocrx_word' id='word_1_142' title='bbox 487 2270 597 2312; x_wconf 88' lang='lat' dir='ltr'><strong>omnes</strong></span> <span class='ocrx_word' id='word_1_143' title='bbox 612 2247 637 2332; x_wconf 78' lang='lat'><strong>2)</strong></span> <span class='ocrx_word' id='word_1_144' title='bbox 661 2247 803 2334; x_wconf 91' lang='lat' dir='ltr'><strong>pedestri</strong></span> <span class='ocrx_word' id='word_1_145' title='bbox 825 2249 970 2314; x_wconf 90' lang='lat' dir='ltr'><strong>oratione</strong></span> <span class='ocrx_word' id='word_1_146' title='bbox 992 2269 1067 2312; x_wconf 90' lang='lat' dir='ltr'><strong>usos</strong></span> <span class='ocrx_word' id='word_1_147' title='bbox 1089 2270 1169 2329; x_wconf 88' lang='lat' dir='ltr'><strong>esse,</strong></span> <span class='ocrx_word' id='word_1_148' title='bbox 1191 2270 1291 2331; x_wconf 91' lang='lat' dir='ltr'><strong>quare</strong></span> <span class='ocrx_word' id='word_1_149' title='bbox 1312 2249 1346 2310; x_wconf 91' lang='lat' dir='ltr'><strong>in</strong></span> 
     </span>
     <span class='ocr_line' id='line_1_20' title="bbox 180 2346 1345 2434; baseline 0 -23"><span class='ocrx_word' id='word_1_150' title='bbox 180 2347 295 2412; x_wconf 92' lang='lat' dir='ltr'><strong>horum</strong></span> <span class='ocrx_word' id='word_1_151' title='bbox 321 2349 450 2434; x_wconf 90' lang='lat' dir='ltr'><strong>scriptis</strong></span> <span class='ocrx_word' id='word_1_152' title='bbox 472 2346 595 2412; x_wconf 86' lang='lat' dir='ltr'><strong>fluxum</strong></span> <span class='ocrx_word' id='word_1_153' title='bbox 625 2346 776 2432; x_wconf 88' lang='lat' dir='ltr'><strong>celerem,</strong></span> <span class='ocrx_word' id='word_1_154' title='bbox 804 2348 942 2414; x_wconf 90' lang='lat' dir='ltr'><strong>colorem</strong></span> <span class='ocrx_word' id='word_1_155' title='bbox 971 2348 1127 2432; x_wconf 90' lang='lat' dir='ltr'><strong>vividum,</strong></span> <span class='ocrx_word' id='word_1_156' title='bbox 1153 2347 1345 2412; x_wconf 89' lang='lat' dir='ltr'><strong>brevitatem</strong></span> 
     </span>
     <span class='ocr_line' id='line_1_21' title="bbox 181 2447 1343 2533; baseline 0.001 -23"><span class='ocrx_word' id='word_1_157' title='bbox 181 2469 365 2530; x_wconf 84' lang='lat' dir='ltr'><strong>nervosam,</strong></span> <span class='ocrx_word' id='word_1_158' title='bbox 388 2448 528 2513; x_wconf 89' lang='lat' dir='ltr'><strong>indolem</strong></span> <span class='ocrx_word' id='word_1_159' title='bbox 552 2447 707 2512; x_wconf 89' lang='lat' dir='ltr'><strong>audacter</strong></span> <span class='ocrx_word' id='word_1_160' title='bbox 730 2456 762 2512; x_wconf 92' lang='lat' dir='ltr'><strong>et</strong></span> <span class='ocrx_word' id='word_1_161' title='bbox 783 2447 915 2533; x_wconf 90' lang='lat' dir='ltr'><strong>pulchre</strong></span> <span class='ocrx_word' id='word_1_162' title='bbox 944 2447 1197 2533; x_wconf 90' lang='lat' dir='ltr'><strong>metaphoricam</strong></span> <span class='ocrx_word' id='word_1_163' title='bbox 1220 2448 1343 2511; x_wconf 89' lang='lat' dir='ltr'><strong>deside-</strong></span> 
     </span>
     <span class='ocr_line' id='line_1_22' title="bbox 180 2546 1345 2635; baseline 0 -25"><span class='ocrx_word' id='word_1_164' title='bbox 180 2547 256 2611; x_wconf 87' lang='lat' dir='ltr'><strong>rari.</strong></span> <span class='ocrx_word' id='word_1_165' title='bbox 301 2546 413 2633; x_wconf 90' lang='lat' dir='ltr'><strong>Atqui,</strong></span> <span class='ocrx_word' id='word_1_166' title='bbox 436 2550 689 2635; x_wconf 90' lang='lat' dir='ltr'><strong>quotiescunque</strong></span> <span class='ocrx_word' id='word_1_167' title='bbox 710 2546 815 2612; x_wconf 86' lang='lat' dir='ltr'><strong>Ponti.</strong></span> <span class='ocrx_word' id='word_1_168' title='bbox 834 2551 950 2634; x_wconf 86' lang='lat' dir='ltr'><strong>¹partes</strong></span> <span class='ocrx_word' id='word_1_169' title='bbox 980 2547 1190 2612; x_wconf 89' lang='lat' dir='ltr'><strong>convellimus</strong></span> <span class='ocrx_word' id='word_1_170' title='bbox 1219 2556 1250 2611; x_wconf 89' lang='lat' dir='ltr'><strong>et</strong></span> <span class='ocrx_word' id='word_1_171' title='bbox 1277 2555 1345 2611; x_wconf 88' lang='lat' dir='ltr'><strong>tum</strong></span> 
     </span>
     <span class='ocr_line' id='line_1_23' title="bbox 182 2646 1345 2735; baseline -0.002 -23"><span class='ocrx_word' id='word_1_172' title='bbox 182 2653 284 2712; x_wconf 91' lang='lat' dir='ltr'><strong>totum</strong></span> <span class='ocrx_word' id='word_1_173' title='bbox 308 2646 465 2711; x_wconf 92' lang='lat' dir='ltr'><strong>ambitum</strong></span> <span class='ocrx_word' id='word_1_174' title='bbox 487 2671 598 2712; x_wconf 89' lang='lat' dir='ltr'><strong>rursus</strong></span> <span class='ocrx_word' id='word_1_175' title='bbox 622 2646 891 2735; x_wconf 81' lang='lat' dir='ltr'><strong>contemplamur:</strong></span> <span class='ocrx_word' id='word_1_176' title='bbox 915 2647 1076 2733; x_wconf 84' lang='lat' dir='ltr'><strong>extemplo</strong></span> <span class='ocrx_word' id='word_1_177' title='bbox 1099 2657 1130 2712; x_wconf 90' lang='lat' dir='ltr'><strong>et</strong></span> <span class='ocrx_word' id='word_1_178' title='bbox 1152 2671 1209 2712; x_wconf 91' lang='lat' dir='ltr'><strong>sua</strong></span> <span class='ocrx_word' id='word_1_179' title='bbox 1232 2656 1345 2732; x_wconf 90' lang='lat' dir='ltr'><strong>sponte</strong></span> 
     </span>
     <span class='ocr_line' id='line_1_24' title="bbox 180 2746 1345 2833; baseline -0.001 -23"><span class='ocrx_word' id='word_1_180' title='bbox 180 2746 337 2810; x_wconf 90' lang='lat' dir='ltr'><strong>iudicium</strong></span> <span class='ocrx_word' id='word_1_181' title='bbox 357 2747 510 2830; x_wconf 89' lang='lat' dir='ltr'><strong>nascitur,</strong></span> <span class='ocrx_word' id='word_1_182' title='bbox 526 2747 734 2812; x_wconf 89' lang='lat' dir='ltr'><strong>iehovisticas</strong></span> <span class='ocrx_word' id='word_1_183' title='bbox 750 2747 917 2833; x_wconf 88' lang='lat' dir='ltr'><strong>prophetis</strong></span> <span class='ocrx_word' id='word_1_184' title='bbox 936 2747 1182 2832; x_wconf 89' lang='lat' dir='ltr'><strong>antiquioribus,</strong></span> <span class='ocrx_word' id='word_1_185' title='bbox 1206 2746 1345 2811; x_wconf 88' lang='lat' dir='ltr'><strong>elohisti-</strong></span> 
     </span>
     <span class='ocr_line' id='line_1_25' title="bbox 171 2845 1345 2932; baseline -0.001 -22"><span class='ocrx_word' id='word_1_186' title='bbox 171 2865 236 2910; x_wconf 68' lang='lat' dir='ltr'><strong>&#39;cas</strong></span> <span class='ocrx_word' id='word_1_187' title='bbox 258 2845 480 2911; x_wconf 91' lang='lat' dir='ltr'><strong>iuvenioribus</strong></span> <span class='ocrx_word' id='word_1_188' title='bbox 511 2845 632 2910; x_wconf 88' lang='lat' dir='ltr'><strong>similes</strong></span> <span class='ocrx_word' id='word_1_189' title='bbox 665 2869 743 2912; x_wconf 88' lang='lat' dir='ltr'><strong>esse.</strong></span> <span class='ocrx_word' id='word_1_190' title='bbox 793 2847 884 2932; x_wconf 86' lang='lat' dir='ltr'><strong>Ergo</strong></span> <span class='ocrx_word' id='word_1_191' title='bbox 919 2847 1146 2912; x_wconf 89' lang='lat' dir='ltr'><strong>verisimile</strong></span> <span class='ocrx_word' id='word_1_192' title='bbox 1178 2870 1248 2912; x_wconf 89' lang='lat' dir='ltr'><strong>esse</strong></span> <span class='ocrx_word' id='word_1_193' title='bbox 1280 2846 1345 2910; x_wconf 92' lang='lat' dir='ltr'><strong>dici</strong></span> 
     </span>
     <span class='ocr_line' id='line_1_26' title="bbox 181 2945 999 3012; baseline -0.001 -2"><span class='ocrx_word' id='word_1_194' title='bbox 181 2945 255 3010; x_wconf 88' lang='lat' dir='ltr'><strong>licet</strong></span> <span class='ocrx_word' id='word_1_195' title='bbox 279 2945 462 3010; x_wconf 90' lang='lat' dir='ltr'><strong>elohisticas</strong></span> <span class='ocrx_word' id='word_1_196' title='bbox 486 2952 592 3009; x_wconf 88' lang='lat' dir='ltr'><strong>aetate</strong></span> <span class='ocrx_word' id='word_1_197' title='bbox 613 2949 786 3012; x_wconf 89' lang='lat' dir='ltr'><strong>recentiori</strong></span> <span class='ocrx_word' id='word_1_198' title='bbox 809 2957 895 3011; x_wconf 89' lang='lat' dir='ltr'><strong>ortas</strong></span> <span class='ocrx_word' id='word_1_199' title='bbox 919 2969 999 3012; x_wconf 91' lang='lat' dir='ltr'><strong>esse.</strong></span> 
     </span>
    </p>
   </div>
   <div class='ocr_carea' id='block_1_6' title="bbox 115 3079 1344 3967">
    <p class='ocr_par' dir='ltr' id='par_1_6' title="bbox 115 3079 1344 3967">
     <span class='ocr_line' id='line_1_27' title="bbox 261 3079 1343 3167; baseline 0.001 -24"><span class='ocrx_word' id='word_1_200' title='bbox 261 3079 374 3167; x_wconf 88' lang='lat' dir='ltr'><strong>Neque</strong></span> <span class='ocrx_word' id='word_1_201' title='bbox 390 3088 496 3144; x_wconf 86' lang='lat' dir='ltr'><strong>autern</strong></span> <span class='ocrx_word' id='word_1_202' title='bbox 515 3082 631 3164; x_wconf 89' lang='lat' dir='ltr'><strong>magis,</strong></span> <span class='ocrx_word' id='word_1_203' title='bbox 649 3104 745 3167; x_wconf 90' lang='lat' dir='ltr'><strong>quam</strong></span> <span class='ocrx_word' id='word_1_204' title='bbox 760 3080 871 3145; x_wconf 89' lang='lat' dir='ltr'><strong>literas</strong></span> <span class='ocrx_word' id='word_1_205' title='bbox 887 3081 999 3166; x_wconf 89' lang='lat' dir='ltr'><strong>populi</strong></span> <span class='ocrx_word' id='word_1_206' title='bbox 1018 3082 1208 3166; x_wconf 86' lang='lat' dir='ltr'><strong>cuiusquam</strong></span> <span class='ocrx_word' id='word_1_207' title='bbox 1231 3086 1343 3144; x_wconf 89' lang='lat' dir='ltr'><strong>recto</strong></span> 
     </span>
     <span class='ocr_line' id='line_1_28' title="bbox 180 3179 1344 3265; baseline -0.002 -21"><span class='ocrx_word' id='word_1_208' title='bbox 180 3203 296 3244; x_wconf 91' lang='lat' dir='ltr'><strong>cursu</strong></span> <span class='ocrx_word' id='word_1_209' title='bbox 311 3181 474 3265; x_wconf 86' lang='lat' dir='ltr'><strong>progredi,</strong></span> <span class='ocrx_word' id='word_1_210' title='bbox 498 3203 537 3244; x_wconf 88' lang='lat' dir='ltr'><strong>ea</strong></span> <span class='ocrx_word' id='word_1_211' title='bbox 553 3181 712 3244; x_wconf 85' lang='lat' dir='ltr'><strong>sententia</strong></span> <span class='ocrx_word' id='word_1_212' title='bbox 727 3179 821 3243; x_wconf 92' lang='lat' dir='ltr'><strong>nobis</strong></span> <span class='ocrx_word' id='word_1_213' title='bbox 837 3181 978 3265; x_wconf 86' lang='lat' dir='ltr'><strong>probata</strong></span> <span class='ocrx_word' id='word_1_214' title='bbox 1000 3187 1057 3260; x_wconf 90' lang='lat' dir='ltr'><strong>est,</strong></span> <span class='ocrx_word' id='word_1_215' title='bbox 1081 3181 1209 3244; x_wconf 89' lang='lat' dir='ltr'><strong>omnino</strong></span> <span class='ocrx_word' id='word_1_216' title='bbox 1226 3187 1257 3243; x_wconf 91' lang='lat' dir='ltr'><strong>et</strong></span> <span class='ocrx_word' id='word_1_217' title='bbox 1275 3181 1344 3243; x_wconf 90' lang='lat' dir='ltr'><strong>sine</strong></span> 
     </span>
     <span class='ocr_line' id='line_1_29' title="bbox 179 3279 1344 3366; baseline 0 -23"><span class='ocrx_word' id='word_1_218' title='bbox 179 3279 245 3344; x_wconf 89' lang='lat' dir='ltr'><strong>ulla</strong></span> <span class='ocrx_word' id='word_1_219' title='bbox 267 3281 458 3365; x_wconf 88' lang='lat' dir='ltr'><strong>exceptione</strong></span> <span class='ocrx_word' id='word_1_220' title='bbox 480 3279 521 3344; x_wconf 87' lang='lat' dir='ltr'><strong>ab</strong></span> <span class='ocrx_word' id='word_1_221' title='bbox 549 3280 745 3366; x_wconf 89' lang='lat' dir='ltr'><strong>imperfectis</strong></span> <span class='ocrx_word' id='word_1_222' title='bbox 776 3279 966 3342; x_wconf 90' lang='lat' dir='ltr'><strong>rudimentis</strong></span> <span class='ocrx_word' id='word_1_223' title='bbox 990 3301 1044 3342; x_wconf 91' lang='lat' dir='ltr'><strong>eas</strong></span> <span class='ocrx_word' id='word_1_224' title='bbox 1077 3279 1204 3342; x_wconf 91' lang='lat' dir='ltr'><strong>initium</strong></span> <span class='ocrx_word' id='word_1_225' title='bbox 1228 3301 1344 3364; x_wconf 89' lang='lat' dir='ltr'><strong>capere</strong></span> 
     </span>
     <span class='ocr_line' id='line_1_30' title="bbox 179 3376 1344 3466; baseline 0 -23"><span class='ocrx_word' id='word_1_226' title='bbox 179 3379 232 3443; x_wconf 88' lang='lat' dir='ltr'><strong>vel</strong></span> <span class='ocrx_word' id='word_1_227' title='bbox 263 3380 370 3466; x_wconf 90' lang='lat' dir='ltr'><strong>potius</strong></span> <span class='ocrx_word' id='word_1_228' title='bbox 398 3379 597 3466; x_wconf 89' lang='lat' dir='ltr'><strong>imperfectis</strong></span> <span class='ocrx_word' id='word_1_229' title='bbox 628 3377 860 3466; x_wconf 89' lang='lat' dir='ltr'><strong>speciminibus</strong></span> <span class='ocrx_word' id='word_1_230' title='bbox 890 3376 1003 3442; x_wconf 92' lang='lat' dir='ltr'><strong>nobis</strong></span> <span class='ocrx_word' id='word_1_231' title='bbox 1036 3379 1279 3464; x_wconf 88' lang='lat' dir='ltr'><strong>conspicuas</strong></span> <span class='ocrx_word' id='word_1_232' title='bbox 1309 3402 1344 3443; x_wconf 89' lang='lat' dir='ltr'><strong>se</strong></span> 
     </span>
     <span class='ocr_line' id='line_1_31' title="bbox 115 3477 1344 3568; baseline 0.001 -27"><span class='ocrx_word' id='word_1_233' title='bbox 115 3533 118 3541; x_wconf 92' lang='lat'>.</span> <span class='ocrx_word' id='word_1_234' title='bbox 180 3479 380 3568; x_wconf 89' lang='lat' dir='ltr'><strong>praebere</strong></span> <span class='ocrx_word' id='word_1_235' title='bbox 402 3480 575 3566; x_wconf 91' lang='lat' dir='ltr'><strong>primum.</strong></span> <span class='ocrx_word' id='word_1_236' title='bbox 618 3479 733 3545; x_wconf 87' lang='lat' dir='ltr'><strong>Nonne</strong></span> <span class='ocrx_word' id='word_1_237' title='bbox 748 3501 806 3566; x_wconf 91' lang='lat' dir='ltr'><strong>per</strong></span> <span class='ocrx_word' id='word_1_238' title='bbox 829 3501 863 3542; x_wconf 90' lang='lat' dir='ltr'><strong>se</strong></span> <span class='ocrx_word' id='word_1_239' title='bbox 885 3480 982 3542; x_wconf 90' lang='lat' dir='ltr'><strong>etiam</strong></span> <span class='ocrx_word' id='word_1_240' title='bbox 1004 3477 1139 3542; x_wconf 90' lang='lat' dir='ltr'><strong>iuvenili</strong></span> <span class='ocrx_word' id='word_1_241' title='bbox 1160 3485 1265 3543; x_wconf 90' lang='lat' dir='ltr'><strong>aetate</strong></span> <span class='ocrx_word' id='word_1_242' title='bbox 1288 3503 1344 3565; x_wconf 91' lang='lat' dir='ltr'><strong>po-</strong></span> 
     </span>
     <span class='ocr_line' id='line_1_32' title="bbox 180 3577 1344 3668; baseline -0.001 -23"><span class='ocrx_word' id='word_1_243' title='bbox 180 3579 275 3668; x_wconf 91' lang='lat' dir='ltr'><strong>pulus</strong></span> <span class='ocrx_word' id='word_1_244' title='bbox 295 3582 329 3645; x_wconf 91' lang='lat' dir='ltr'><strong>in</strong></span> <span class='ocrx_word' id='word_1_245' title='bbox 361 3579 469 3666; x_wconf 89' lang='lat' dir='ltr'><strong>aliquo</strong></span> <span class='ocrx_word' id='word_1_246' title='bbox 491 3579 658 3646; x_wconf 89' lang='lat' dir='ltr'><strong>literarum</strong></span> <span class='ocrx_word' id='word_1_247' title='bbox 680 3603 798 3666; x_wconf 89' lang='lat' dir='ltr'><strong>genere</strong></span> <span class='ocrx_word' id='word_1_248' title='bbox 830 3577 988 3644; x_wconf 84' lang='lat' dir='ltr'><strong>excellere</strong></span> <span class='ocrx_word' id='word_1_249' title='bbox 1010 3586 1131 3664; x_wconf 88' lang='lat' dir='ltr'><strong>potest,</strong></span> <span class='ocrx_word' id='word_1_250' title='bbox 1161 3587 1196 3642; x_wconf 89' lang='lat' dir='ltr'><strong>ut</strong></span> <span class='ocrx_word' id='word_1_251' title='bbox 1226 3579 1344 3664; x_wconf 87' lang='lat' dir='ltr'><strong>singuli</strong></span> 
     </span>
     <span class='ocr_line' id='line_1_33' title="bbox 180 3679 1343 3767; baseline -0.002 -21"><span class='ocrx_word' id='word_1_252' title='bbox 180 3681 327 3746; x_wconf 88' lang='lat' dir='ltr'><strong>homines</strong></span> <span class='ocrx_word' id='word_1_253' title='bbox 348 3681 382 3744; x_wconf 91' lang='lat' dir='ltr'><strong>in</strong></span> <span class='ocrx_word' id='word_1_254' title='bbox 404 3681 508 3766; x_wconf 88' lang='lat' dir='ltr'><strong>primo</strong></span> <span class='ocrx_word' id='word_1_255' title='bbox 532 3693 629 3767; x_wconf 83' lang='lat' dir='ltr'><strong>ope&#39;re</strong></span> <span class='ocrx_word' id='word_1_256' title='bbox 663 3687 738 3760; x_wconf 86' lang='lat' dir='ltr'><strong>(non</strong></span> <span class='ocrx_word' id='word_1_257' title='bbox 761 3679 847 3767; x_wconf 94' lang='lat' dir='ltr'><strong>quod</strong></span> <span class='ocrx_word' id='word_1_258' title='bbox 875 3680 1005 3744; x_wconf 90' lang='lat' dir='ltr'><strong>omnino</strong></span> <span class='ocrx_word' id='word_1_259' title='bbox 1028 3680 1161 3760; x_wconf 91' lang='lat' dir='ltr'><strong>faciunt,</strong></span> <span class='ocrx_word' id='word_1_260' title='bbox 1194 3679 1251 3743; x_wconf 88' lang='lat' dir='ltr'><strong>sed</strong></span> <span class='ocrx_word' id='word_1_261' title='bbox 1280 3703 1343 3767; x_wconf 94' lang='lat' dir='ltr'><strong>quo</strong></span> 
     </span>
     <span class='ocr_line' id='line_1_34' title="bbox 180 3769 1343 3867; baseline -0.001 -23"><span class='ocrx_word' id='word_1_262' title='bbox 180 3782 319 3867; x_wconf 89' lang='lat' dir='ltr'><strong>primum</strong></span> <span class='ocrx_word' id='word_1_263' title='bbox 350 3780 450 3846; x_wconf 93' lang='lat' dir='ltr'><strong>oculis</strong></span> <span class='ocrx_word' id='word_1_264' title='bbox 484 3781 595 3845; x_wconf 90' lang='lat' dir='ltr'><strong>mundi</strong></span> <span class='ocrx_word' id='word_1_265' title='bbox 629 3769 662 3844; x_wconf 86' lang='lat' dir='ltr'><strong>se</strong></span> <span class='ocrx_word' id='word_1_266' title='bbox 690 3785 869 3867; x_wconf 84' lang='lat' dir='ltr'><strong>exponunt)</strong></span> <span class='ocrx_word' id='word_1_267' title='bbox 894 3779 969 3865; x_wconf 91' lang='lat' dir='ltr'><strong>plus</strong></span> <span class='ocrx_word' id='word_1_268' title='bbox 989 3779 1113 3864; x_wconf 88' lang='lat' dir='ltr'><strong>ingenii</strong></span> <span class='ocrx_word' id='word_1_269' title='bbox 1134 3788 1165 3842; x_wconf 89' lang='lat' dir='ltr'><strong>et</strong></span> <span class='ocrx_word' id='word_1_270' title='bbox 1187 3781 1266 3846; x_wconf 88' lang='lat' dir='ltr'><strong>artis</strong></span> <span class='ocrx_word' id='word_1_271' title='bbox 1289 3803 1343 3844; x_wconf 86' lang='lat' dir='ltr'><strong>ex-</strong></span> 
     </span>
     <span class='ocr_line' id='line_1_35' title="bbox 180 3879 1342 3967; baseline -0.001 -21"><span class='ocrx_word' id='word_1_272' title='bbox 180 3881 292 3946; x_wconf 89' lang='lat' dir='ltr'><strong>hibere</strong></span> <span class='ocrx_word' id='word_1_273' title='bbox 307 3889 453 3966; x_wconf 89' lang='lat' dir='ltr'><strong>possunt,</strong></span> <span class='ocrx_word' id='word_1_274' title='bbox 476 3902 572 3967; x_wconf 91' lang='lat' dir='ltr'><strong>quam</strong></span> <span class='ocrx_word' id='word_1_275' title='bbox 594 3884 628 3946; x_wconf 90' lang='lat' dir='ltr'><strong>in</strong></span> <span class='ocrx_word' id='word_1_276' title='bbox 651 3879 944 3966; x_wconf 81' lang='lat' dir='ltr'><strong>subsequentibus?</strong></span> <span class='ocrx_word' id='word_1_277' title='bbox 971 3880 1086 3943; x_wconf 88' lang='lat' dir='ltr'><strong>Nonne</strong></span> <span class='ocrx_word' id='word_1_278' title='bbox 1107 3879 1210 3963; x_wconf 88' lang='lat' dir='ltr'><strong>igitur</strong></span> <span class='ocrx_word' id='word_1_279' title='bbox 1222 3880 1342 3944; x_wconf 90' lang='lat' dir='ltr'><strong>factum</strong></span> 
     </span>
    </p>
   </div>
   <div class='ocr_carea' id='block_1_7' title="bbox 182 3978 1438 4068">
    <p class='ocr_par' dir='ltr' id='par_1_7' title="bbox 182 3978 1438 4068">
     <span class='ocr_line' id='line_1_36' title="bbox 182 3978 1438 4068; baseline -0.002 -22"><span class='ocrx_word' id='word_1_280' title='bbox 182 4004 253 4048; x_wconf 87' lang='lat' dir='ltr'><strong>esse</strong></span> <span class='ocrx_word' id='word_1_281' title='bbox 276 3988 391 4068; x_wconf 85' lang='lat' dir='ltr'><strong>potest,</strong></span> <span class='ocrx_word' id='word_1_282' title='bbox 414 3989 449 4045; x_wconf 91' lang='lat' dir='ltr'><strong>ut</strong></span> <span class='ocrx_word' id='word_1_283' title='bbox 469 3980 555 4066; x_wconf 90' lang='lat' dir='ltr'><strong>libri,</strong></span> <span class='ocrx_word' id='word_1_284' title='bbox 578 3983 633 4066; x_wconf 92' lang='lat' dir='ltr'><strong>qui</strong></span> <span class='ocrx_word' id='word_1_285' title='bbox 656 3980 698 4046; x_wconf 91' lang='lat' dir='ltr'><strong>ad</strong></span> <span class='ocrx_word' id='word_1_286' title='bbox 720 4005 779 4046; x_wconf 91' lang='lat' dir='ltr'><strong>nos</strong></span> <span class='ocrx_word' id='word_1_287' title='bbox 802 3988 999 4063; x_wconf 87' lang='lat' dir='ltr'><strong>manserunt,</strong></span> <span class='ocrx_word' id='word_1_288' title='bbox 1023 3978 1072 4042; x_wconf 92' lang='lat' dir='ltr'><strong>vel</strong></span> <span class='ocrx_word' id='word_1_289' title='bbox 1095 3980 1223 4044; x_wconf 92' lang='lat' dir='ltr'><strong>omnino</strong></span> <span class='ocrx_word' id='word_1_290' title='bbox 1238 3981 1344 4066; x_wconf 90' lang='lat' dir='ltr'><strong>prima</strong></span> <span class='ocrx_word' id='word_1_291' title='bbox 1431 4047 1438 4060; x_wconf 60' lang='lat'><strong>,</strong></span> 
     </span>
    </p>
   </div>
   <div class='ocr_carea' id='block_1_8' title="bbox 181 4079 1343 4169">
    <p class='ocr_par' dir='ltr' id='par_1_8' title="bbox 181 4079 1343 4169">
     <span class='ocr_line' id='line_1_37' title="bbox 181 4079 1343 4169; baseline 0.001 -23"><span class='ocrx_word' id='word_1_292' title='bbox 181 4080 293 4169; x_wconf 93' lang='lat' dir='ltr'><strong>populi</strong></span> <span class='ocrx_word' id='word_1_293' title='bbox 335 4102 435 4166; x_wconf 89' lang='lat' dir='ltr'><strong>opera</strong></span> <span class='ocrx_word' id='word_1_294' title='bbox 468 4079 521 4147; x_wconf 89' lang='lat' dir='ltr'><strong>vel</strong></span> <span class='ocrx_word' id='word_1_295' title='bbox 554 4081 668 4147; x_wconf 91' lang='lat' dir='ltr'><strong>saltem</strong></span> <span class='ocrx_word' id='word_1_296' title='bbox 712 4083 817 4166; x_wconf 88' lang='lat' dir='ltr'><strong>prima</strong></span> <span class='ocrx_word' id='word_1_297' title='bbox 847 4081 1039 4168; x_wconf 89' lang='lat' dir='ltr'><strong>perfectiora</strong></span> <span class='ocrx_word' id='word_1_298' title='bbox 1075 4101 1175 4166; x_wconf 90' lang='lat' dir='ltr'><strong>opera</strong></span> <span class='ocrx_word' id='word_1_299' title='bbox 1216 4083 1343 4148; x_wconf 82' lang='lat' dir='ltr'><strong>essent?</strong></span> 
     </span>
    </p>
   </div>
   <div class='ocr_carea' id='block_1_9' title="bbox 251 4325 1167 4402">
    <p class='ocr_par' dir='ltr' id='par_1_9' title="bbox 251 4325 1167 4402">
     <span class='ocr_line' id='line_1_38' title="bbox 251 4325 1167 4402; baseline -0.004 -17"><span class='ocrx_word' id='word_1_300' title='bbox 251 4333 275 4399; x_wconf 89' lang='lat'><strong>1)</strong></span> <span class='ocrx_word' id='word_1_301' title='bbox 293 4347 334 4386; x_wconf 77' lang='lat' dir='ltr'><strong>ex,</strong></span> <span class='ocrx_word' id='word_1_302' title='bbox 353 4349 395 4402; x_wconf 87' lang='lat' dir='ltr'><strong>gr.</strong></span> <span class='ocrx_word' id='word_1_303' title='bbox 413 4329 545 4400; x_wconf 82' lang='lat' dir='ltr'><strong>Nttgelsb.</strong></span> <span class='ocrx_word' id='word_1_304' title='bbox 564 4330 619 4386; x_wconf 88' lang='lat' dir='ltr'><strong>Jes.</strong></span> <span class='ocrx_word' id='word_1_305' title='bbox 637 4348 665 4402; x_wconf 92' lang='lat' dir='ltr'><strong>p.</strong></span> <span class='ocrx_word' id='word_1_306' title='bbox 684 4329 796 4385; x_wconf 89' lang='lat' dir='ltr'>XXVII.</span> <span class='ocrx_word' id='word_1_307' title='bbox 814 4359 847 4370; x_wconf 88' lang='lat'><em>-</em></span> <span class='ocrx_word' id='word_1_308' title='bbox 866 4331 891 4396; x_wconf 83' lang='lat'><strong>2)</strong></span> <span class='ocrx_word' id='word_1_309' title='bbox 910 4327 958 4384; x_wconf 89' lang='lat' dir='ltr'><strong>sed</strong></span> <span class='ocrx_word' id='word_1_310' title='bbox 976 4327 1008 4380; x_wconf 74' lang='lat' dir='ltr'><strong>of,</strong></span> <span class='ocrx_word' id='word_1_311' title='bbox 1028 4325 1167 4382; x_wconf 86' lang='lat' dir='ltr'><strong>Habaouo.</strong></span> 
     </span>
    </p>
   </div>
   <div class='ocr_carea' id='block_1_10' title="bbox 0 0 1620 5042">
    <p class='ocr_par' dir='ltr' id='par_1_10' title="bbox 0 0 1620 5042">
     <span class='ocr_line' id='line_1_39' title="bbox 0 0 1620 5042; baseline 0 0"><span class='ocrx_word' id='word_1_312' title='bbox 0 0 1620 5042; x_wconf 95' lang='lat' dir='ltr'><strong> </strong></span> 
     </span>
    </p>
   </div>
  </div>
 </body>
</html>
