3232 5042
757 343 960 404 ..50-

278 502 361 566 cium
385 499 535 585 tulerant,
567 502 738 586 concludit,
760 503 887 567 interna
916 503 1099 567 testimonia
1122 525 1279 587 semper
1309 499 1440 565 fallacia

278 625 362 682 esse,
386 603 511 688 etquis
533 601 646 666 Fichte
670 623 734 666 sen.
758 600 1036 684 contenderat,
1069 623 1104 664 se
1123 600 1211 664 idem
1236 623 1361 685 argum.
1384 623 1441 664 sex

277 693 381 765 mo'dis
395 701 550 787 persequi
571 723 677 787 posse,
700 722 763 765 non
779 699 937 786 disquirit,
959 708 1063 764 utrum
1079 721 1181 783 vere,
1204 701 1301 764 etiam
1325 723 1361 764 re
1379 697 1442 763 sibi

278 802 448 888 proposita
466 799 512 882 (id
528 799 614 887 quod
630 799 741 864 biblici
758 806 905 865 auctores
921 821 985 863 non
1001 799 1158 881 fecerunt)
1176 800 1317 886 scriptor
1333 798 1442 864 stilum

279 924 415 988 prorsus
437 908 561 966 mutare
584 901 686 986 possit
708 923 750 964 an
780 923 853 964 suas
877 901 1011 986 quisque
1033 900 1248 986 proprietates
1280 907 1442 986 sequatur,

271 1023 361 1087 ,quae
385 1022 425 1063 ex
448 1001 600 1064 universa
622 1000 691 1063 eius
713 999 820 1064 indole
843 1007 1030 1064 emanantes
1060 1006 1092 1064 et
1114 997 1346 1063 consuetudine
1369 1021 1441 1063 con·

278 1099 426 1164 firmatae
449 1101 541 1186 quasi
563 1101 596 1163 in
618 1108 767 1164 naturam
790 1099 859 1163 eius
882 1099 1039 1164 abierunt.
1085 1098 1210 1179 Quodsi
1229 1098 1349 1184 Hgstb.
1373 1121 1440 1162 sua·

280 1200 342 1281 det,
366 1201 513 1265 omnibus
529 1202 608 1264 ‘viris
625 1202 756 1284 criticis,
772 1201 959 1287 priusquam
977 1221 1142 1264 sacrarum
1157 1199 1324 1264 literarum
1340 1200 1443 1264 fontes

280 1299 465 1364 discernere
487 1299 636 1384 audeant,
659 1302 692 1364 in
714 1308 844 1364 nostrae
866 1300 981 1364 aetatis
997 1300 1127 1386 scriptis
1142 1298 1327 1363 iudicandis
1342 1298 1442 1363 facul-

279 1409 377 1464 tatem
401 1408 548 1464 auctores
570 1401 734 1464 variorum
764 1399 921 1464 librorum
944 1397 1157 1484 dignoscendi
1188 1397 1443 1485 expromendam

281 1521 366 1564 esse:
388 1499 421 1562 id
443 1499 540 1563 nimis
563 1499 700 1563 arduum
723 1522 787 1564 non
809 1498 946 1581 videtur,
969 1519 1045 1562 nam
1073 1521 1123 1562 ex.
1147 1519 1173 1562 c.
1198 1520 1292 1562 omne
1306 1496 1444 1561 Ewaldii

283 1600 439 1685 scriptum
473 1621 523 1662 me
558 1599 749 1684 dignoscere
777 1621 875 1685 posse
904 1598 992 1663 haud
1025 1606 1145 1663 temere
1174 1597 1337 1662 affirmare
1369 1596 1444 1661 mihi

280 1699 404 1764 videor.
427 1735 467 1744 -
495 1698 530 1764 Si
552 1721 650 1785 porro
673 1699 830 1786 psychica
858 1699 996 1763 bominis
1019 1709 1149 1780 natura,
1182 1698 1222 1762 cf.
1247 1720 1277 1783 p.
1302 1701 1352 1781 32,
1373 1697 1443 1777 fert,
1505 1733 1507 1740 ·

281 1807 318 1863 ut
337 1799 485 1862 notiones
508 1805 540 1861 et
562 1799 787 1883 expressiones
810 1799 877 1861 eius
899 1799 983 1862 inter
1001 1820 1035 1862 se
1058 1797 1265 1860 cohaerentes
1289 1804 1320 1860 et
1342 1795 1444 1860 multi·

283 1900 399 1962 fariam
422 1897 612 1983 complexae
635 1919 730 1960 unam
753 1896 877 1960 firmam
901 1919 1042 1961 massam
1070 1896 1227 1961 efficiant:
1251 1896 1329 1982 quid
1350 1898 1443 1960 ratio·

282 1997 349 2062 nali
372 1998 440 2060 eius
461 1996 563 2061 indoli
584 1998 689 2080 magis
712 1997 871 2080 convenit,
893 2019 989 2080 quam
1012 2019 1085 2060 eum
1117 1995 1151 2059 id
1180 2017 1294 2080 agere,
1324 2003 1359 2060 ut
1388 2018 1443 2080 per

282 2104 382 2162 totam
412 2097 512 2160 vitam
539 2096 626 2160 idem
657 2119 783 2182 semper
817 2119 888 2160 esse
918 2096 1088 2161 videatur?
1134 2095 1219 2160 Num
1245 2096 1345 2180 igitur
1373 2095 1446 2160 licet

284 2219 421 2280 sumere,
445 2219 483 2261 ea
504 2197 578 2282 ipsa
593 2197 725 2263 fortuito
748 2197 817 2260 fieri
833 2197 987 2282 potuisse,
1004 2219 1086 2283 quae
1108 2204 1257 2262 naturam
1273 2195 1445 2260 humanam

284 2298 425 2360 maxime
446 2295 600 2360 laedunt?
642 2296 694 2360 An
717 2319 779 2383 quo
814 2296 1029 2382 aliopraeter
1060 2297 1156 2363 Gens.
1179 2294 1328 2381 exemplo
1362 2316 1444 2358 com-

284 2382 454 2482 probatur,
479 2397 669 2481 scriptorem
693 2396 853 2480 quendam
877 2396 1012 2462 alteram
1035 2399 1178 2483 capitum
1201 2395 1276 2460 libri
1299 2395 1413 2458 seriem
1427 2394 1446 2471 1)

275 2486 349 2582 tillo,
373 2495 507 2560 alteram
521 2494 546 2573 2)
568 2495 630 2560 hoc
652 2496 724 2560 stilo
748 2496 880 2560 alternis
903 2495 1080 2561 exarasse?
1116 2495 1161 2560 Et
1186 2518 1242 2560 cur
1257 2517 1315 2581 per
1337 2493 1448 2576 libros,

284 2599 339 2684 qui
361 2603 448 2660 certo
464 2596 583 2680 integri
598 2598 693 2662 unico
717 2598 869 2683 scriptori
885 2596 1052 2679 debentur,
1077 2595 1235 2662 eiusmodi
1252 2595 1449 2676 discrimina,

285 2695 395 2783 qualia
416 2697 500 2759 inter
517 2697 641 2781 primos
661 2694 798 2762 4Penti.
820 2695 921 2761 libros
944 2703 977 2760 et
996 2695 1093 2760 Deut.
1115 2694 1364 2778 intercedunt3),
1387 2716 1449 2758 non

287 2817 403 2882 sparsa
419 2794 516 2859 sunt?
532 2793 690 2879 -Immo
713 2795 793 2859 illud
815 2795 867 2879 „le
889 2795 973 2882 style
995 2801 1075 2860 c’est
1095 2793 1267 2860 l’bomme“
1282 2816 1449 2880 argumen-

286 2899 327 2960 tis
351 2897 428 2971 satis
451 2895 552 2959 firmis
574 2897 696 2961 nititur.
741 2897 824 2961 Nam
846 2895 922 2962 licet
950 2895 1112 2960 scribendi
1134 2917 1255 2982 genera
1276 2893 1450 2980 Lessiugii,

288 2993 449 3079 Sebilleri,
480 2993 610 3062 Goethii
639 2997 740 3060 variis
771 2997 803 3059 in
834 3018 945 3060 eorum
977 2995 1107 3082 scriptis
1130 3002 1202 3058 eta
1234 3003 1312 3081 typo
1342 3016 1450 3058 eornm

287 3094 420 3180 proprio
444 3094 598 3160 recedant
620 3101 651 3159 et
673 3093 716 3160 ad
739 3093 982 3158 similitudinem
1011 3093 1107 3184 aliam
1131 3093 1303 3157 accedant:
1327 3099 1451 3158 certum

287 3217 388 3279 genus
412 3194 453 3259 ab
475 3217 669 3281 unoquoque
692 3195 854 3260 excultum
874 3218 944 3260 esse
960 3202 992 3260 et
1008 3202 1113 3259 certas
1136 3195 1205 3258 eius
1219 3201 1313 3258 notas
1335 3195 1369 3257 in
1385 3215 1453 3258 om-

287 3294 383 3357 nibus
406 3296 535 3379 scriptis
563 3317 747 3378 occurrere,
771 3297 883 3380 negari
906 3319 968 3359 non
995 3303 1110 3382 potest.
1154 3295 1221 3358 Nec
1243 3295 1348 3380 magis
1370 3295 1452 3358 eius-

289 3395 377 3458 modi
399 3402 499 3479 typus
522 3395 555 3457 in
569 3391 647 3477 Jes,
669 3393 746 3478 Jer,
766 3395 854 3478 Hes,
878 3403 1057 3459 ceterorum
1076 3394 1169 3459 libris
1185 3394 1401 3460 desideratur.

372 3561 501 3624 Deinde
519 3583 588 3624 nec
609 3583 670 3625 res
687 3584 759 3625 nec
774 3562 921 3626 formas
937 3561 1054 3648 plane
1069 3583 1192 3626 novas
1206 3583 1296 3625 mens
1312 3561 1452 3626 humana

291 3659 353 3724 sibi
376 3661 563 3744 excogitare
587 3659 679 3742 solet,
709 3660 765 3724 sed
794 3660 867 3724 illas
890 3683 931 3723 ex
953 3660 1117 3725 elementis
1146 3660 1211 3723 iam
1240 3662 1452 3758 exstantibus,

290 3761 348 3822 has
372 3759 413 3822 ab
439 3759 571 3823 aliorum
595 3761 754 3845 exemplis
778 3760 912 3830 discere.
956 3759 1043 3823 Sane
1071 3759 1154 3824 aliae
1181 3760 1311 3845 linguae
1346 3770 1452 3849 partes

291 3858 363 3922 aliis
386 3861 508 3922 maiore
535 3860 568 3929 vi
603 3861 771 3946 scriptoris
806 3859 988 3924 libertatem
1023 3867 1181 3924 coercent.
1231 3861 1314 3924 Nam
1341 3861 1452 3926 formis

292 3960 499 4023 artcfactis
519 3959 573 4037 (cf.
597 3983 628 4045 p.
647 3965 685 4026 21
711 3985 735 4026 s.
758 3965 802 4026 34'
822 3969 858 4028 st
881 3984 919 4023 ea
942 3961 1080 4024 facultas
1104 3983 1168 4024 non
1190 3963 1297 4025 inesse
1319 3962 1453 4026 videtur.

361 4215 385 4268 1)
404 4225 445 4262 ex,
466 4225 488 4261 c.
509 4213 530 4262 1.
549 4213 572 4262 5.
591 4213 613 4272 9,
635 4213 732 4273 1-17;
752 4213 790 4273 11,
811 4213 922 4272 10-32;
948 4213 986 4262 17.
1006 4211 1045 4264 23.
1066 4239 1093 4246 —
1115 4211 1141 4271 ll
1160 4215 1182 4262 2.
1202 4213 1225 4262 3.
1246 4213 1284 4262 18.
1306 4213 1345 4262 19.
1365 4213 1402 4262 24.
1420 4236 1454 4246 -

294 4299 318 4359 3)
338 4293 452 4354 Curtisa
474 4297 546 4356 1877,
564 4310 592 4361 p.
613 4297 660 4348 182
679 4309 698 4345 s.
