3232 5042
759 373 963 432 ..16-

276 532 468 595 necessitate
489 533 573 596 inter
589 555 623 594 se
645 529 812 616 copulatas
829 553 909 594 esse.
939 531 989 595 Ne
1004 533 1180 594 novissimo
1198 530 1326 616 quidem
1342 551 1442 616 opere

275 627 309 692 id
332 649 454 713 argum.
486 629 693 714 systematice
720 629 971 714 contemplatus,
1000 628 1155 694 nonnulla
1183 629 1305 693 indicia
1331 629 1440 693 obser-

278 728 377 791 vavit.
390 729 411 806 ¹)

357 833 384 893 2.
406 827 527 892 Contra
548 835 596 891 tot
618 835 650 892 et
670 827 751 891 tales
779 826 988 892 adversarios
1011 828 1061 892 his
1084 831 1123 895 30
1146 830 1240 892 aunis
1262 829 1331 892 fere
1354 828 1439 892 solus

274 928 434 1014 pugnavit
453 925 552 990 Keil.
565 925 589 1004 2)
625 926 670 990 Et
691 926 811 989 utiam
834 925 997 1005 Knobel³)
1019 927 1186 1008 iudicavit,
1210 949 1230 988 a
1245 927 1347 990 Penti.
1372 928 1440 990 uni-

278 1031 356 1092 tatis
386 1025 611 1091 defensoribus
638 1026 727 1090 viros
761 1026 888 1090 criticos
922 1047 1153 1110 nonnunquam
1186 1024 1228 1088 ad
1265 1027 1440 1090 sententias

276 1127 503 1193 retractandas
526 1134 558 1190 et
579 1125 789 1210 corrigendas
805 1136 968 1211 permotos
990 1147 1075 1189 esse:
1099 1128 1145 1189 sic
1167 1127 1306 1210 ingenue
1328 1125 1441 1207 fateor,

275 1251 295 1292 a
309 1228 415 1292 Keilio
437 1226 538 1291 multa
554 1227 594 1290 de
616 1227 710 1290 huius
733 1227 812 1310 argi.
836 1235 953 1290 natura
975 1236 1006 1289 et
1021 1229 1054 1289 vi
1070 1234 1157 1290 recte
1173 1225 1340 1310 disputata
1360 1248 1438 1307 esse,

262 1328 387 1415 'Neque
416 1328 503 1391 omni
538 1326 658 1390 auxilio
687 1325 859 1390 destitutus
888 1325 962 1402 fuit;
999 1325 1057 1390 sed
1089 1349 1160 1390 eum
1199 1325 1439 1390 Hoelemann

275 1435 405 1492 strenuo
426 1425 552 1490 adiuvit
577 1428 610 1490 in
632 1425 694 1490 hoc
716 1447 804 1510 argo.
827 1423 1050 1505 dissolvendo,
1082 1448 1146 1490 non
1169 1435 1232 1511 quo
1255 1424 1339 1488 ullae
1362 1426 1438 1488 scri-

273 1527 373 1600 bendi
387 1529 560 1592 varietates
577 1525 673 1612 plane
692 1525 852 1608 abessent,
877 1525 933 1588 sed
951 1527 1028 1612 quia
1051 1525 1093 1588 ad
1115 1525 1250 1588 eundem
1275 1533 1437 1596 auctorem

273 1627 424 1693 redirent.
435 1628 460 1704 ⁴)
488 1627 542 1689 Sic
565 1627 750 1690 consociata
765 1647 865 1710 opera
880 1615 1014 1708 uterque
1037 1625 1151 1707 effecit,
1167 1633 1203 1688 ut
1216 1625 1437 1711 theologorum

272 1726 363 1792 haud
386 1729 523 1812 exiguus
546 1747 700 1790 numerus
724 1723 830 1787 adhuc
849 1723 969 1788 criticis
992 1745 1160 1787 assensum
1177 1723 1322 1811 deneget.

716 2006 767 2116 B.
804 2005 997 2116 Natura

478 2175 1229 2263 Qmmmmmmmfflmmh

355 2342 493 2423 Eorum,
515 2346 570 2431 qui
600 2367 725 2410 mecum
753 2346 847 2409 huius
868 2345 948 2430 argi.
970 2343 1102 2407 annales
1125 2341 1342 2428 perlegerunt,
1366 2341 1438 2427 quis
1493 2384 1495 2387 -
1591 2337 1592 2346 ’

273 2449 330 2522 est,
355 2443 441 2526 quin,
463 2445 624 2507 neminem
647 2445 762 2528 adhuc,
785 2451 820 2508 ut
843 2443 883 2506 de
904 2443 973 2506 eius
995 2443 1124 2505 notione
1146 2439 1322 2504 theoretice
1338 2439 1438 2502 disse·

257 2549 366 2623 reret,
389 2542 451 2606 sibi
473 2545 691 2630 proposuisse,
721 2544 853 2607 miretur
881 2537 1128 2626 maximopere?
1172 2541 1319 2603 Fuerunt
1350 2561 1437 2620 sane,

272 2644 465 2725 praesertim
486 2645 527 2708 iis
543 2644 717 2727 decenniis,
741 2644 858 2731 quibus
874 2641 936 2706 hoc
959 2663 1082 2725 argum.
1097 2640 1297 2704 invalescere
1320 2640 1435 2724 coepit,

273 2741 328 2822 qui
350 2740 501 2805 nonnullo
524 2741 605 2826 loco,
629 2742 789 2829 quomodo
813 2739 1032 2804 adhibendum
1060 2748 1145 2802 esset
1168 2738 1350 2824 quibusque
1371 2737 1436 2800 dif-

270 2835 472 2901 ficultatibus
495 2848 705 2925 premeretur,
737 2839 952 2904 ostenderent.
997 2837 1073 2918 Sed,
1101 2844 1135 2900 ut
1158 2859 1241 2922 quae
1268 2837 1355 2921 apud
1378 2857 1433 2899 eos

269 2940 440 3022 leguntur,
469 2940 534 3003 iam
557 2963 673 3026 perse
696 2963 759 3005 non
783 2940 986 3017 suffecerunt,
1007 2939 1063 3018 ita,
1086 2959 1145 3022 per
1167 2944 1214 3000 tot
1241 2945 1437 3000 commenta·

268 3035 372 3100 tiones
395 3060 520 3124 sparsa,
548 3048 580 3102 et
602 3041 729 3104 criticos
752 3039 847 3103 facile
870 3039 1051 3122 effugerunt
1076 3045 1108 3100 et
1134 3036 1177 3100 ad
1206 3059 1317 3100 eorum
1344 3058 1435 3120 arga.

269 3135 473 3201 emendanda
504 3160 620 3224 parum
652 3136 866 3202 emolumento
897 3137 1035 3200 fuerunt.
1083 3135 1198 3222 Itaque
1223 3143 1297 3220 post
1322 3142 1370 3199 tot
1402 3142 1434 3198 et

268 3245 375 3302 tantos
398 3237 528 3302 labores
550 3239 583 3300 in
607 3260 643 3302 eo
666 3260 756 3322 argo.
780 3237 933 3321 empirice
953 3234 1137 3299 adhibendo
1161 3234 1334 3298 collocatos
1351 3257 1433 3320 opus

268 3360 339 3402 esse
362 3360 488 3421 censeo,
510 3347 545 3401 ut
566 3339 635 3402 eius
657 3347 774 3402 natura
796 3344 947 3401 accurate
970 3335 1175 3420 depingatur.

351 3435 401 3500 Ac
424 3437 562 3521 primum
585 3435 725 3522 quidem,
747 3443 783 3500 ut
807 3434 941 3518 eluceat,
965 3433 1094 3519 etquid
1122 3441 1239 3498 natura
1262 3433 1330 3496 eius
1351 3433 1433 3516 argi.

264 3559 327 3624 per
350 3558 384 3599 se
408 3535 471 3599 sibi
494 3534 572 3599 velit
599 3547 630 3599 et
658 3559 719 3622 quo
747 3536 959 3616 contineatur,
988 3533 1030 3597 ad
1058 3533 1123 3597 alia
1146 3533 1432 3618 argumentationis

267 3658 397 3721 genera,
413 3635 503 3700 velut
518 3636 687 3722 physicale
702 3637 925 3722 ohymicumve
941 3636 1005 3698 viri
1025 3625 1132 3698 rerum
1151 3642 1287 3697 naturae
1306 3633 1433 3718 experti

268 3733 319 3798 vel
335 3733 604 3820 psychologicum
626 3735 755 3818 iudicis,
772 3735 895 3798 animos
912 3732 1138 3796 advertamus!
1160 3732 1275 3796 Nonne
1290 3733 1432 3795 omnium

266 3832 397 3897 illorum
411 3835 509 3896 trium
525 3834 815 3917 argumentationis
831 3854 984 3917 generum
999 3830 1124 3895 indoles
1139 3833 1259 3917 partim
1273 3830 1431 3912 in-rebus,

268 3956 350 4022 quae
378 3933 608 4009 observantur,
632 3936 751 4021 partim
778 3935 812 3998 in
843 3934 985 4018 ratione,
1017 3955 1080 4020 qua
1109 3932 1335 4015 observantur,
1369 3933 1432 3994 sita

336 4167 1431 4252 mmpmmmwmmwmmpmffimme

267 4262 1429 4337 mwmmmmmmmwfflffiaammmma

266 4385 299 4392 -
318 4355 344 4421 3)
363 4351 466 4417 Kritik,
484 4368 511 4420 p.
530 4355 587 4404 496.
612 4383 641 4387 --
660 4353 687 4416 4)
706 4347 820 4402 Einheit
837 4347 886 4401 der
903 4346 975 4401 heid.
995 4347 1229 4416 Schdpfungsber.
1250 4352 1322 4402 1862.
