3232 5042
677 356 883 416 ,ῃ-

202 517 235 581 1(1
256 499 344 581 illico
374 515 509 597 addam,
544 522 580 581 12
602 518 695 580 annis
717 525 793 602 post
813 515 847 578 id
870 535 994 598 argum.
1015 536 1056 576 ne
1077 512 1212 576 verbulo
1235 509 1365 597 quidem

201 619 318 703 tetigit,
335 618 483 704 quamvis
498 615 573 680 libri
589 616 699 680 titulus
718 616 753 679 id
768 613 958 700 postularet.
987 613 1056 677 Nec
1075 614 1190 677 maiori
1205 599 1365 676 momento

202 718 234 781 id
257 739 380 800 argum.
401 717 436 780 in
450 717 552 780 Ponti.
577 718 702 800 origine
725 705 951 798 cognoscenda
972 735 1042 777 esse
1066 713 1177 777 statuit
1197 710 1366 794 Augusti

205 817 326 898 18061).
371 815 453 882 Cum
481 838 533 878 res
558 817 604 890 ita
631 838 665 879 se
691 813 863 894 haberent,
899 814 956 876 vix
985 821 1045 890 est,
1084 812 1169 896 quod
1203 811 1366 891 miremur,

204 915 412 980 Gesenium
444 936 609 999 nunquam
628 912 789 992 Astrucii,
810 911 935 987 Eiehh„
955 910 1014 996 llg.
1037 909 1143 974 studia
1163 908 1367 994 respicere2).

205 1014 313 1095 Quam
335 1013 398 1078 late
420 1013 477 1078 illa
492 1015 607 1078 Veteri
629 1014 788 1077 sententia
810 1028 885 1076 tunc
908 1013 1032 1075 animos
1055 1011 1274 1096 occupaverit,
1290 1008 1367 1072 inde

203 1121 349 1200 apparet,
373 1112 459 1200 quod
481 1112 766 1194 Pustkucheni)
799 1113 907 1197 capita
934 1109 1031 1175 Geos.
1062 1111 1174 1197 priora
1197 1115 1250 1186 11,
1272 1109 1367 1194 quasi

205 1235 304 1277 unum
333 1212 509 1276 indivisum
542 1219 649 1276 essent
681 1211 832 1275 volumen
863 1231 967 1294 neque
990 1226 1129 1296 unquam
1153 1232 1193 1272 ex
1218 1207 1368 1295 pluribus

204 1309 346 1376 fontibus
370 1310 518 1374 derivata
539 1317 661 1392 essent,
688 1311 735 1373 ita
756 1309 939 1385 coniunxit,
965 1317 1014 1390 ut,
1036 1310 1070 1370 in
1093 1307 1180 1395 quod
1203 1306 1368 1371 saeculum

204 1435 246 1476 ex
267 1411 618 1496 hapaxlegomenorum
635 1431 766 1474 numero
782 1409 972 1491 inciderent,
989 1408 1145 1472 definiret.
1175 1407 1244 1472 Nec
1258 1415 1368 1472 tamen

204 1513 249 1577 de
282 1511 412 1576 Wettc
448 1513 589 1597 priorem
621 1514 813 1575 sententiam
842 1521 908 1574 tam
939 1510 1074 1572 firmiter
1105 1510 1205 1573 tuitus
1242 1518 1305 1583 est,
1335 1515 1370 1572 ut

203 1613 317 1700 primis
338 1612 588 1676 introductionis
611 1610 806 1675 editionibus
829 1612 944 1696 ipsis⁴)
969 1633 1102 1696 prorsus
1126 1609 1252 1672 silentio
1276 1630 1368 1695 prae·

204 1715 326 1794 terimi,
350 1735 447 1798 quam
468 1712 637 1776 vehemens
659 1713 745 1776 intra
759 1711 864 1776 Ponti.
886 1713 989 1796 ipsius
1015 1731 1121 1774 muros
1141 1710 1305 1773 variorum
1322 1707 1368 1770 di-

206 1811 300 1875 cendi
320 1833 473 1894 generum
497 1810 666 1874 dissidium
691 1817 784 1875 esset.

292 1910 352 1973 111.
374 1911 428 1972 Ex
451 1932 487 1974 eo
506 1911 590 1995 ipso,
613 1909 701 1996 quod
723 1910 762 1973 de
777 1910 885 1974 Wette
904 1931 1028 1994 argum.
1045 1931 1104 1994 pro
1122 1908 1173 1973 Gi.
1191 1907 1369 1970 dividenda
1411 1935 1413 1938 ·

205 2034 247 2076 cx
268 2012 399 2094 linguae
421 2010 633 2074 varietatibus
656 2011 790 2094 petitum
813 2032 876 2073 non
898 2031 1034 2095 prorsus
1056 2009 1148 2072 nihili
1171 2007 1368 2088 aestimavit,

209 2113 376 2192 coniicias,
413 2117 519 2173 utrum
551 2109 695 2174 Astrucii
722 2131 764 2172 an
791 2107 901 2172 Veteri
935 2109 1093 2172 sententia
1122 2108 1294 2171 victoriam
1321 2127 1370 2169 re·

205 2213 395 2299 portaverit.
438 2209 550 2296 Neque
578 2231 617 2272 ea
643 2209 828 2272 coniectura
856 2216 888 2271 te
915 2207 1043 2289 fefellit3
1076 2229 1152 2270 nam
1180 2230 1304 2290 argum.
1328 2207 1368 2270 de

210 2336 271 2400 quo
295 2312 462 2398 quaeritur
485 2310 620 2374 eandem
644 2316 760 2374 sortem
783 2332 918 2394 passum
942 2315 990 2372 est
1012 2331 1109 2394 quam
1132 2307 1365 2372 Eichhornii

209 2412 341 2488 introd.;
372 2403 497 2496 quarta¹
515 2411 603 2474 enim
633 2411 701 2473 eius
729 2407 827 2474 editio
859 2412 937 2475 1823
963 2407 1011 2471 1111
1041 2431 1130 2492 argo.
1160 2425 1267 2471 novas
1284 2409 1370 2472 vires

136 2581 142 2592 ,
203 2511 384 2594 instillavit,
407 2509 525 2598 quibus
547 2510 744 2574 reviviscere
766 2517 797 2572 et
820 2506 1006 2573 adolescere
1028 2515 1147 2594 posset.

288 2611 373 2674 Nam
397 2610 544 2696 quamvis
570 2607 788 2692 (iremberg
813 2613 892 2674 1828
913 2607 1104 2692 largiretur,
1137 2605 1371 2671 Eichhornium

208 2709 290 2774 duas
314 2708 354 2773 ob
379 2729 494 2770 causas
516 2714 602 2770 recte
618 2729 638 2770 a
653 2706 774 2770 Vetere
796 2705 1028 2791 reprehensum
1052 2727 1141 2768 esse:
1163 2703 1371 2768 nihilosecius

205 2811 260 2872 via
283 2807 324 2871 ab
345 2805 546 2871 ¹Eichhornio
571 2807 598 2869 si
619 2828 683 2869 non
701 2805 874 2891 patefacta,
897 2806 1022 2868 munita
1043 2812 1151 2868 tamen
1175 2825 1371 2888 progressus

205 2907 380 2972 secundum
410 2929 533 2990 argum.
556 2905 634 2992 phil.
658 2904 754 2970 Geos.
777 2913 886 2992 partes
910 2905 1060 2968 distinxit
1090 2925 1149 2967 nec
1171 2911 1295 2968 tantum
1326 2904 1369 2967 ad

204 3008 296 3072 Elae.
318 3007 447 3071 dicendi
463 3003 564 3090 genus
586 3008 619 3069 in
642 3007 826 3070 universum
846 3005 993 3087 attendit,
1013 3005 1181 3068 sedetiam
1198 3003 1370 3068 nonnullas

200 3109 342 3194 *phrases
371 3110 401 3172 ei
430 3109 581 3194 proprias
610 3109 734 3193 primus
763 3106 909 3184 attulitl)
952 3107 1004 3169 De
1031 3105 1170 3170 Wettii
1199 3109 1367 3167 assensum

206 3207 279 3272 tulit
304 3208 422 3290 1829.⁶)
466 3207 577 3293 Neque
599 3206 837 3270 Schumanni
857 3206 964 3288 (1829)
993 3203 1100 3268 studia
1127 3202 1175 3267 illi
1205 3226 1293 3287 argo.
1317 3226 1372 3266 ex-

206 3305 340 3369 colendo
364 3305 543 3369 defuerunt.
552 3305 574 3387 7)
604 3305 713 3368 Etiam
729 3304 951 3368 Hartmann
976 3306 1052 3370 1831
1077 3303 1110 3365 in
1125 3303 1159 3365 vi
1180 3301 1266 3364 illius
1288 3303 1369 3386 argi.

209 3403 415 3470 extenuanda
437 3406 543 3468 minus
566 3406 722 3469 tenaciter
743 3405 893 3489 perstitit.
936 3401 1065 3466 Etenim
1096 3402 1244 3488 quamvis
1272 3401 1367 3464 huius

206 3527 334 3592 quoque
354 3505 530 3568 novissimi
553 3505 659 3590 operis
683 3503 754 3589 plus
782 3524 844 3565 uno
875 3501 946 3566 loco
975 3501 1127 3584 affirmet,
1155 3500 1287 3565 diversa
1309 3501 1373 3564 Dei

179 3602 180 3606 ’
206 3607 348 3686 nomina,
371 3603 566 3686 tautologiae
590 3610 621 3667 et
635 3621 787 3687 magnam
804 3600 976 3665 verborum
994 3603 1122 3686 copiam
1145 3622 1215 3664 esse
1229 3599 1373 3684 „indicia

206 3704 377 3769 fallacia“:
404 3703 477 3767 aliis
504 3702 582 3766 locis
615 3705 686 3788 ipse
719 3703 894 3767 locutiones
929 3702 1091 3787 conquirit
1118 3701 1150 3762 in
1179 3699 1244 3764 alia
1276 3699 1372 3763 Gens.

206 3813 301 3890 parte
331 3805 468 3868 usitatas
491 3804 524 3865 in
552 3801 617 3866 alia
643 3801 1011 3886 deside1·atas·eamque
1039 3800 1079 3863 ob
1104 3822 1235 3862 causam
1261 3821 1280 3862 a
1303 3821 1372 3862 sen-

208 4075 212 4079 ·
277 4057 302 4126 1)
319 4074 347 4125 p.
369 4057 423 4108 134.
441 4081 475 4090 -
493 4051 518 4120 2)
543 4047 639 4104 Gesch.
667 4049 692 4102 d.
715 4048 793 4102 hebr.
821 4047 881 4117 Spr.
900 4066 926 4102 u.
950 4047 1025 4102 Schr.
1047 4051 1119 4110 1815,
1142 4065 1169 4116 p.
1188 4052 1228 4100 21.
1247 4052 1276 4102 31
1298 4065 1318 4100 s.
1340 4079 1374 4086 -

208 4141 233 4211 3)
252 4139 404 4194 Hist.·krit.
428 4137 539 4192 Unters.
563 4135 588 4188 d.
615 4133 682 4187 bibl.
708 4133 844 4202 Urgeseb
872 4137 944 4196 1825,
963 4134 978 4200 §
998 4137 1082 4202 1.-
1107 4134 1134 4201 4)
1153 4131 1194 4184 ed.
1213 4129 1234 4184 1.
1256 4134 1328 4195 1817,
1347 4149 1373 4200 p.

210 4219 874 4290 1133311ιῦ111).217.-3)ρ.4.133
904 4223 942 4272 14.
963 4221 993 4271 19
1012 4233 1032 4268 s.
1052 4219 1092 4268 no.
1117 4219 1156 4268 rs.
1174 4246 1209 4254 -
1226 4215 1252 4283 s)
1270 4233 1297 4284 p.
1316 4220 1372 4268 ma

208 4311 284 4379 -1)
302 4327 329 4380 p.
349 4313 388 4362 29.
408 4312 447 4361 118.
469 4310 522 4360 11111.
543 4307 599 4358 128.
620 4309 675 4358 144.
697 4306 751 4357 156.
771 4306 894 4358 168-11).
916 4306 971 4356 118.
990 4304 1047 4354 203.
1066 4303 1123 4354 209.
1143 4303 1200 4353 216.
1260 4341 1263 4352 .
