3232 5042
686 311 872 368 „7-

195 473 394 557 putationem
423 472 496 552 inii,
526 493 662 556 sperans
689 471 773 552 fore,
801 477 849 552 ut,
880 470 1090 536 fundamento
1122 470 1291 556 explorato
1321 476 1361 547 et,

195 573 222 635 si
244 572 316 636 lieri
336 573 485 658 potuerit,
509 572 688 654 emendato,
710 593 771 634 arx
793 569 977 656 theologiae
998 574 1072 658 ipsa
1093 571 1340 635 communietur.

277 695 336 758 HI.
365 695 415 758 Ac
437 696 578 781 primurn
601 693 739 780 quidem,
762 692 804 756 ad
816 691 920 756 Ponti.
936 696 1091 759 unitatem
1113 704 1145 758 et
1162 694 1359 758 authentiam

195 793 465 880 perscrutandam
488 816 547 858 nos
570 793 785 876 accingentes
804 814 998 878 quaeramus
1021 815 1153 856 necesse
1169 804 1226 871 est,
1244 792 1361 880 quibus

194 894 292 978 argis.
316 900 422 957 aetate
450 891 611 978 superiori
640 892 673 953 in
697 889 831 953 dubium
859 901 995 955 vocatae
1026 892 1098 956 sint.
1141 891 1235 955 Libri
1258 891 1298 954 do
1320 913 1359 954 ea

194 1013 307 1078 pugna
340 991 514 1076 perscripti
541 987 754 1076 respondent,
783 1010 911 1074 semper
945 999 1001 1052 aut
1035 1012 1076 1053 ox
1102 989 1199 1054 rebus
1231 1001 1286 1053 aut
1318 1011 1359 1052 ox

193 1091 325 1174 linguae
343 1088 557 1172 varietatibus
578 1109 667 1172 arga.
691 1086 862 1173 desumpta
883 1109 954 1152 esse
967 1089 988 1171 ¹)

275 1213 333 1282 IV.
365 1212 524 1293 Quamvis
547 1219 654 1276 autern
676 1234 809 1276 necesse
832 1222 926 1294 esset,
949 1213 1038 1276 viros
1058 1209 1170 1276 doctos
1193 1220 1362 1300 utraque

195 1315 249 1377 via
275 1311 482 1377 difficultates
509 1333 689 1392 removero,
722 1311 806 1376 hauc
838 1315 943 1396 ipsam
966 1312 1007 1376 ob
1031 1334 1164 1378 causam
1186 1309 1273 1376 haud
1288 1335 1361 1398 par·

194 1436 270 1476 vum
294 1415 326 1476 in
349 1411 528 1498 periculum
550 1411 726 1498 disputatio
747 1411 850 1475 irruit.
892 1411 1023 1475 Etenim
1043 1413 1110 1475 vim
1127 1411 1362 1498 disquisitionis

195 1524 227 1576 ot
250 1511 534 1576 demonstrationis
558 1533 686 1596 semper
711 1533 748 1574 eo
771 1533 890 1596 augere
913 1510 1099 1590 studebant,
1129 1511 1215 1598 quod
1238 1519 1362 1576 utrum·

194 1635 256 1699 que
284 1635 408 1696 argum.
437 1609 649 1697 copulabant,
673 1631 792 1695 nequo,
821 1611 1003 1674 coniunctis
1031 1611 1082 1675 his
1107 1612 1213 1676 causis
1237 1610 1359 1682 conlisi,

196 1711 275 1798 quid
297 1711 474 1776 alterautra
496 1733 555 1796 por
578 1732 612 1774 so
634 1732 750 1773 revera
772 1710 927 1791 efficeret,
955 1709 1165 1796 indagabant.
1211 1707 1251 1772 Id
1274 1711 1360 1796 peri-

196 1810 302 1874 culum
325 1833 366 1874 ne
393 1812 456 1873 viri
483 1808 613 1896 quidem
635 1809 669 1872 in
692 1807 754 1896 hac
774 1808 943 1874 literarum
965 1819 1058 1894 parto
1073 1808 1167 1873 facile
1184 1809 1361 1896 principos,

198 1907 296 1990 Stah,
319 1907 438 1990 Knob,
460 1907 610 1990 Kurtffl),
633 1907 821 1990 effugerunt.
1016 1983 1020 1991 Ι
1121 1989 1124 1998 ¹
1369 1915 1371 1918 ’

279 2005 320 2070 V.
348 2004 548 2091 Antequam,
576 2014 611 2066 ut
648 2003 796 2090 equidem
832 2003 867 2066 id
901 2003 1080 2090 periculum
1114 2005 1246 2086 evitem,
1284 2004 1360 2068 alte-

193 2129 264 2169 rum
288 2113 550 2190 argumentorum
572 2103 677 2188 genus
702 2102 802 2167 solum
827 2125 1012 2189 persequar,
1043 2104 1124 2168 alius
1145 2103 1266 2189 duplex
1289 2101 1363 2167 fons

194 2205 392 2292 detegendus
420 2197 491 2269 osso
522 2203 667 2279 videtur,
691 2202 775 2266 unde
806 2202 973 2288 hucusque
999 2211 1068 2268 tota
1091 2204 1267 2289 disputatio
1291 2203 1362 2289 plu·

196 2308 313 2369 rimum
354 2304 540 2369 detrimenti
581 2305 677 2389 cepit.
743 2310 769 2368 1.
799 2302 988 2390 Qmounque
1020 2303 1125 2367 Ponti.
1162 2305 1295 2368 unitatis
1331 2313 1362 2366 et

198 2407 383 2472 authentice
416 2411 673 2491 propugnatores
700 2410 887 2480 evaserunt,
919 2403 987 2467 fore
1014 2425 1124 2467 omnes
1152 2404 1212 2467 toti
1241 2403 1364 2468 versati

198 2508 326 2571 suntin
350 2504 613 2570 adversariorum
642 2506 750 2568 causis
777 2503 968 2568 refutandis.
1011 2503 1074 2566 Ex.
1101 2527 1147 2589 gr.
1177 2503 1362 2589 Hengsten·

196 2607 310 2690 bergss)
335 2606 455 2670 formas
483 2627 524 2668 ox
550 2603 613 2670 Ex.
649 2611 686 2670 15
717 2603 759 2668 ab
790 2603 996 2667 Hartmanno
1029 2605 1142 2668 seriori
1177 2609 1276 2669 aetati
1302 2604 1358 2668 ad-

198 2709 338 2794 scriptas
361 2707 561 2792 perstrinxit.
606 2703 670 2768 sed
693 2705 791 2768 etiam
813 2704 876 2768 hac
897 2705 930 2768 in
960 2727 995 2770 ro
1015 2704 1152 2783 Kurtzp
1176 2704 1248 2769 aliis
1270 2727 1363 2790 prae-

196 2806 290 2882 cellit,
314 2828 401 2888 curn,
430 2806 518 2869 viros
546 2803 657 2869 doctos
686 2812 790 2868 recte
817 2805 850 2868 in
879 2807 1045 2890 originem*
1067 2803 1171 2870 Ponti.
1199 2805 1362 2892 inquirere

196 2904 393 2987 concedens,
421 2912 452 2968 et
480 2905 565 2989 ipse,
593 2927 669 2967 num
692 2905 884 2968 testimoniis
908 2905 987 2968 satis
1010 2905 1106 2968 certis
1128 2903 1214 2968 Mosi
1236 2904 1363 2968 abiudi-

198 3006 265 3069 cari
289 3005 402 3090 possit,
423 3005 529 3067 auimo
552 3001 733 3090 perpendat
754 3012 785 3068 et
806 3005 898 3068 varie
922 3004 1062 3090 probare
1078 3014 1221 3068 conetur.
1254 3005 1365 3068 Etiam

197 3103 477 3185 Hoelemannusl)
505 3102 585 3166 illud
611 3104 728 3166 vitium
749 3103 852 3187 probo
873 3105 998 3168 vitavit.
1041 3109 1069 3168 2.
1095 3103 1159 3169 Sed
1184 3105 1212 3168 si
1231 3102 1288 3168 illa
1310 3106 1365 3168 via

198 3212 232 3267 et
251 3204 335 3267 ratio
357 3200 494 3265 multum
517 3200 679 3284 obstabat,
703 3202 871 3288 quominus
894 3224 1024 3287 pugnae
1039 3201 1112 3265 linis
1128 3203 1364 3288 imponeretur:

198 3300 404 3367 metuendum
433 3309 497 3384 est,
526 3323 566 3364 ne
594 3301 657 3365 fine
683 3323 815 3387 prorsus
842 3300 990 3383 excidat,
1034 3303 1061 3365 si
1095 3301 1228 3367 alterius
1260 3303 1364 3388 partis

195 3399 339 3466 asseclae
369 3399 470 3463 libros
503 3400 606 3486 partis
629 3399 762 3464 alterius
786 3400 914 3464 omnino
937 3423 1001 3464 non
1022 3401 1209 3486 respiciunt.
1255 3399 1365 3480 Quare

195 3499 277 3573 falso
299 3502 383 3564 inter
415 3508 654 3585 oppugnatores
680 3499 784 3563 Ponti.
806 3499 940 3564 unitatis
966 3498 1043 3563 indo
1065 3498 1107 3564 ab
1129 3500 1243 3564 Eichh.
1265 3499 1364 3587 pluri·

266 3753 290 3819 1)
309 3746 431 3803 Clericus
448 3745 498 3800 1.1.
516 3764 543 3815 p.
562 3745 660 3811 XXXI,
680 3746 730 3800 ool.
749 3747 779 3800 b:
798 3747 877 3812 „Duo
895 3763 1002 3817 genero
1019 3748 1253 3817 argumentorum
1270 3767 1366 3806 recen-

195 3832 275 3887 tioris
293 3832 369 3887 Mose
382 3831 486 3885 aetatis
498 3830 596 3885 volunt
609 3848 668 3887 esse
687 3831 717 3886 in
730 3831 826 3886 Ponto.
850 3831 914 3886 Alia
932 3849 966 3886 ex
975 3832 1049 3902 stylo
1062 3833 1149 3887 totius
1168 3833 1240 3900 libri,
1258 3834 1315 3889 alia
1333 3852 1367 3890 ex

196 3916 314 3986 singulis
337 3915 406 3971 locis
429 3916 522 3986 potita
544 3918 635 3970 sunan
657 3947 690 3956 -
717 3922 744 3984 2)
772 3917 848 3971 stah.
873 3921 947 3981 1831,
969 3935 996 3986 p.
1020 3922 1065 3984 225
1094 3918 1130 3972 ad
1154 3927 1176 3983 1,
1200 3924 1295 3982 1-1θ;
1327 3925 1366 3983 11,

199 4005 310 4067 10-26;
335 4002 388 4056 Kn.
407 4005 480 4066 1861,
505 4020 532 4072 p.
555 4005 613 4065 496,
639 4005 662 4054 4.
680 4000 729 4054 lin.
753 4002 789 4055 ab
811 4001 898 4066 infra3
927 4001 1026 4066 Kurtz,
1048 4021 1075 4072 p.
1099 4007 1127 4067 2;
1150 4003 1183 4057 of.
1204 4001 1261 4058 iam
1284 4003 1366 4068 Jahn,

197 4092 271 4152 1803,
290 4105 317 4157 p.
337 4091 381 4150 91;
406 4084 503 4149 Vator,
521 4104 547 4155 p.
565 4091 614 4140 115
633 4103 653 4139 s.
667 4117 697 4124 -
712 4088 737 4156 3)
756 4085 895 4141 Tholucks
907 4085 1117 4142 ·Literarischor
1135 4087 1274 4158 Anzeiger
1293 4093 1366 4153 1833,

197 4170 248 4226 col.
267 4175 323 4226 356.
343 4203 373 4210 -
393 4190 419 4241 p.
444 4175 569 4226 99-104.
609 4169 663 4224 Sed
685 4169 862 4225 neH'avorn.
886 4170 968 4240 (Elinl.
994 4175 1069 4241 1836)
1092 4164 1205 4242 quidem
1227 4171 1274 4226 hic
1297 4173 1367 4242 obli-

195 4255 342 4310 viscendus
361 4257 411 4314 est.
426 4287 457 4294 -
471 4255 496 4326 5)
510 4253 563 4310 Dio
576 4253 689 4308 Einheit
701 4254 787 4310 derb.
801 4254 1103 4327 Sohbpfungsberichte
1124 4261 1196 4313 1862.
