3232 5042
651 345 856 405 ...47-

174 503 307 566 alternis
337 503 464 568 vicibus
491 503 626 566 electam
654 511 686 566 et
717 502 938 587 repudiatam,
966 502 1017 566 vel
1044 526 1064 566 a
1084 501 1212 567 duobus
1235 503 1334 587 scrip-

172 599 297 664 toribus
322 602 552 688 proprietates,
581 623 664 687 quae
693 599 879 664 alterutrius
909 601 1063 686 propriae
1090 601 1167 683 sint,
1193 602 1278 665 inter
1299 621 1334 664 se

173 707 373 786 permutatas
397 723 476 763 esse.
501 737 539 746 -
562 699 733 764 Eiusmodi
754 697 899 782 libertas,
920 721 1002 785 quae
1024 722 1043 763 a
1066 699 1268 787 pbilosophis
1290 701 1335 763 in-

172 799 308 864 formari
329 808 436 884 potest
462 822 482 863 a
503 800 616 885 priori,
638 801 671 862 in
693 799 840 880 historia,
863 799 968 884 qualis
991 818 1106 863 revera
1127 805 1185 882 est,
1205 819 1272 864 non
1287 801 1333 864 in·

171 899 312 980 venitur,
335 905 366 962 et
389 899 444 984 qui
460 899 506 962 sic
522 897 733 984 scriptoribus
749 919 916 980 summam,
933 919 1028 984 quam
1044 897 1224 963 naturalem
1240 899 1334 963 aesti-

172 1004 254 1080 mat,
281 996 463 1062 libertatem
484 996 708 1062 vindicaturus
730 1007 792 1079 est,
821 1018 947 1060 summa
970 997 1124 1062 servitute
1146 1005 1259 1062 contra
1280 1019 1335 1061 na-

173 1104 279 1162 turam
302 1117 357 1162 eos
376 1095 528 1162 devincit.

258 1228 324 1294 Our
347 1231 393 1294 sio
420 1227 669 1315 respondimus?
702 1227 785 1307 Quia
807 1226 901 1294 nobis
922 1228 1107 1294 firmissime
1129 1227 1258 1316 quidem
1282 1228 1334 1304 (cf.

173 1351 205 1416 p.
228 1333 267 1394 43
293 1328 414 1408 notam)
450 1349 642 1414 persuasum
679 1337 742 1412 est,
779 1327 960 1393 absolutam
996 1327 1179 1393 libertatem
1215 1327 1336 1392 bomini

173 1429 271 1492 etiarn
293 1435 367 1513 post
387 1427 515 1514 lapsum
537 1426 681 1490 relictam
705 1451 791 1510 esse;
813 1449 918 1515 neque
941 1434 1048 1492 autem
1071 1428 1176 1490 minus
1190 1426 1334 1511 firmiter,

172 1526 264 1592 illam
289 1526 488 1610 libertatem,
516 1548 598 1614 quae
626 1548 684 1611 per
710 1548 744 1590 se
767 1527 915 1591 absoluta
942 1534 991 1591 est
1014 1534 1046 1592 et
1068 1528 1157 1604 omni·
1181 1527 1335 1612 temporis

172 1633 334 1690 momento
356 1625 503 1690 absolute
524 1647 622 1710 agere
644 1633 791 1712 potest,
814 1624 886 1690 aliis
908 1625 1006 1690 rebus
1029 1625 1172 1690 coerceri
1199 1623 1334 1689 solere.

171 1723 255 1804 Quin
278 1725 374 1790 etiam
397 1723 581 1790 addendum
604 1733 661 1806 est,
683 1725 770 1788 vitae
792 1724 929 1790 bominis
951 1724 1126 1810 psychicae
1147 1745 1252 1810 neque
1274 1723 1336 1787 ele·

171 1831 281 1889 menta
302 1847 406 1913 neque
428 1826 572 1890 actiones
594 1826 679 1888 inter
701 1846 735 1888 se
759 1822 909 1910 disrupta
928 1844 1008 1904 esse,
1034 1823 1090 1887 sed
1113 1823 1335 1887 continuam

88 2001 90 2005 ι
173 1925 314 1988 seriem
337 1924 474 1990 efficere.
516 1923 556 1988 Id
578 1923 754 2006 tetigerunt
773 1923 837 1987 iam
854 1921 980 2006 Eiohb,
997 1923 1081 2005 vat,
1097 1919 1216 2005 Haase,
1230 1919 1335 2004 Kelle,

91 2076 95 2086 .
171 2023 387 2097 Fritzschc1).
408 2022 478 2087 Ew.
489 2027 567 2090 1823
583 2021 659 2086 iude
675 2021 761 2110 quod
776 2043 948 2110 processus
964 2020 1189 2108 psychologioi
1205 2029 1236 2085 et
1251 2023 1336 2085 inter

173 2145 207 2186 se
230 2122 404 2187 cohaerent
425 2129 456 2186 et
483 2121 526 2185 ad
546 2121 624 2184 novi
640 2119 795 2208 quiddam
811 2120 1072 2209 progrediuntur,
1085 2117 1251 2206 explicare
1270 2126 1334 2184 stu·

173 2221 286 2305 debat,
317 2243 374 2286 cur
396 2221 482 2284 idem
508 2220 621 2285 diluvii
644 2227 794 2285 narrator
814 2222 848 2284 in
871 2220 982 2285 alteris
1004 2219 1152 2306 partibus
1173 2241 1280 2301 unam,
1301 2219 1335 2281 in

173 2320 284 2385 alteris
306 2319 442 2384 alteram
458 2319 664 2383 describendi
679 2321 837 2384 rationem
854 2326 1042 2406 sequeretur
1050 2318 1084 2400 2).
1114 2317 1204 2384 siah.
1220 2339 1334 2404 parum

173 2409 366 2495 luculenter,
396 2418 453 2482 sed
481 2419 599 2482 eximie
626 2417 805 2482 Dreohsler
835 2425 866 2483 et
885 2417 1055 2484 Delitzsch
1084 2440 1123 2482 ea
1145 2417 1185 2482 de
1206 2441 1241 2480 re
1264 2439 1335 2502 ege-

173 2523 248 2582 runt
258 2518 293 2595 ³).
333 2517 402 2582 Nec
428 2540 504 2582 vero
531 2519 571 2582 iis
599 2517 762 2601 omnibus,
786 2539 870 2606 quae
892 2515 988 2581 modo
1010 2515 1166 2601 diximus,
1196 2517 1337 2582 hominis

173 2615 357 2680 libertatern
383 2638 443 2702 per
476 2639 510 2680 se
532 2618 600 2681 sive
628 2618 655 2681 si
678 2617 808 2704 quando
831 2615 916 2680 vult
938 2614 1121 2680 absolutam
1144 2637 1214 2680 esse
1236 2637 1336 2700 nega·
1443 2629 1467 2680 s

173 2723 233 2780 tur.
278 2714 343 2780 Sed
364 2715 399 2778 id
417 2722 549 2804 tantum
577 2718 780 2802 agnoscitur,
812 2715 1054 2799 libertatem,
1074 2714 1218 2802 ¹qualis
1249 2737 1337 2778 esse

175 2817 289 2883 soleat
309 2811 421 2893 (aliam
444 2821 549 2878 autem
574 2815 765 2881 biblicorum
789 2823 957 2880 auctorum
980 2815 1089 2898 fuisse,
1112 2836 1177 2878 non
1196 2821 1333 2878 statuen-

60 2916 63 2924 '
175 2913 250 2978 dum
273 2918 344 2997 est),
369 2917 398 2994 1)
421 2912 646 2978 absolutam
669 2937 754 2979 esse
777 2915 857 2979 fere
879 2936 1075 3000 nunquam
1094 2915 1201 2995 vella,
1225 2914 1256 2995 2)
1280 2915 1335 2976 ni-

173 3012 230 3076 hil
257 3035 427 3099 prorsus
456 3015 548 3078 novi
575 3036 728 3097 creare,
757 3013 824 3078 sed
852 3013 1030 3077 recentia
1058 3035 1104 3076 ex
1130 3013 1336 3098 prioribus

174 3113 362 3178 formare.
405 3112 483 3192 Quis
506 3121 611 3177 autem
635 3120 818 3200 propterea,
841 3112 927 3199 quod
949 3111 1336 3194 libertas,‘architectonis

175 3211 304 3295 similis,
334 3233 376 3276 ex
404 3212 549 3276 materiis
576 3212 641 3276 iam
669 3211 897 3300 praesentibus
924 3210 1073 3274 aedificia
1103 3233 1162 3274 sua
1188 3211 1336 3291 exstruit,

174 3333 276 3374 nova
298 3319 330 3375 et
351 3307 512 3376 libertatis
535 3313 638 3398 ipsius
661 3309 825 3397 soliusque
847 3331 948 3395 opera
971 3332 1009 3374 ea
1025 3331 1099 3374 esse
1115 3309 1271 3397 negabit?
1292 3309 1337 3374 Et

176 3409 295 3497 siquis
317 3409 500 3476 libertatem
524 3411 788 3494 conditionatam,
811 3409 831 3474 i.
856 3431 882 3474 e.
906 3431 926 3472 a
948 3433 1017 3474 suo
1040 3410 1143 3498 ipsius
1170 3408 1335 3475 volendo

175 3507 426 3595 dependentem,
463 3517 495 3574 et
525 3510 707 3575 ordinatam
735 3509 757 3572 i.
794 3531 821 3576 e.
849 3509 1025 3574 terminis
1056 3509 1335 3595 circumscriptam

176 3607 255 3673 dicit
275 3607 399 3673 nullam
430 3631 501 3674 esse
528 3616 559 3673 et
581 3609 703 3674 homini
725 3607 1010 3696 independentiam
1035 3609 1115 3692 Dei,
1142 3631 1336 3694 quamquam

244 3860 269 3918 1)
287 3855 384 3916 Eichh.
402 3875 430 3926 p.
450 3861 482 3912 58
500 3874 549 3921 ss.;
567 3856 639 3922 vat,
658 3875 686 3927 p.
703 3863 852 3922 412-4143
870 3855 965 3920 Haase,
984 3873 1011 3924 p.
1038 3859 1096 3910 229.
1116 3859 1177 3920 231;
1194 3853 1290 3920 'Kella
1308 3873 1335 3926 p.

175 3940 235 4006 XL;
254 3940 396 3996 Fritzsohe
413 3959 440 4011 p.
462 3946 501 3998 16.
521 3973 550 3982 -
571 3944 596 4008 2)
608 3959 642 4010 ·p.
663 3947 718 3996 114.
736 3973 767 3982 -
787 3946 813 4009 3)
832 3940 908 3997 stah.
923 3945 995 4004 1831,
1014 3957 1042 4010 p.
1055 3944 1099 4004 32;
1117 3939 1242 3996 Dreohsl.
1263 3945 1334 4005 1838,

174 4044 202 4095 p.
221 4031 252 4080 28
271 4043 318 4089 ss.;
340 4024 400 4080 Del.
425 4025 564 4094 Symbola¹
578 4025 723 4096 isagogica
745 4027 781 4080 ad
802 4027 924 4096 psalmos
945 4023 1032 4078 illust.
1053 4028 1127 4088 1846,
1144 4041 1171 4094 p.
1190 4029 1221 4078 27
1240 4027 1336 4079 annot.

174 4109 247 4174 „Vix
264 4109 356 4165 dicere
375 4109 488 4179 poteris,
507 4126 563 4178 quo
581 4109 695 4164 consilio
714 4109 775 4164 Jon.
788 4117 812 4175 4,
829 4107 906 4174 θ’ἒκ,
919 4127 976 4164 non
992 4107 1065 4162 siout
1082 4127 1106 4164 v.
1119 4115 1143 4164 4.
1160 4124 1182 4152 u
1200 4108 1337 4178 seriptum

175 4193 219 4259 sit,
237 4193 305 4248 nisi
323 4194 411 4262 qnod
428 4193 490 4250 hoc
507 4211 606 4249 versu
618 4193 767 4264 scriptor
784 4195 818 4247 id
835 4194 945 4264 ipsum
957 4209 1076 4248 nomen
1088 4193 1247 4260 retinuit,
1268 4209 1331 4264 quo

174 4277 205 4334 in
221 4295 270 4334 vv.
288 4279 577 4347 praecedentibus
595 4295 674 4333 usus
692 4279 770 4334 est.“
