3232 5042
636 361 842 421 ..37-

160 542 258 604 quum
281 529 339 602 cst,
363 530 398 600 ut
419 520 459 585 de
480 521 542 586 hac
561 521 664 589 verba
689 521 870 588 iaciamus..
889 521 1045 586 Putemus
1066 544 1131 587 non
1152 521 1236 602 licet,
1258 545 1325 586 rem

159 629 335 707 propterea
362 619 482 686 nullam
512 643 597 705 esse,
630 623 706 708 quia
732 643 798 686 una
833 621 900 687 sola
930 624 980 686 sit.
991 623 1014 700 ¹)
1057 622 1109 686 An
1136 645 1200 687 non
1228 623 1326 687 etiam

160 718 320 803 singulari
347 721 440 804 signo
473 719 719 805 phaenomenon
752 721 859 806 ipsum
891 719 1076 784 indicatur?
1126 719 1228 785 Porro
1258 728 1327 784 tum

159 839 297 904 quoque,
319 817 448 904 quando
470 818 583 883 eadem
606 819 712 883 forma
734 819 767 881 in
790 817 900 882 alteris
930 816 1006 882 libri
1033 817 1182 904 partibus
1215 839 1325 906 saepe,

158 916 192 977 in
213 914 323 979 alteris
349 932 425 979 raro
448 914 579 1001 legitur,
605 917 715 980 varios
744 917 920 1002 scriptores
948 915 1105 1001 distingui
1132 917 1324 1001 permissum
1366 914 1369 918 ’

159 1035 241 1095 esse,
263 1013 489 1099 intelligemus,
512 1014 707 1102 simulatque
730 1017 809 1080 satis
826 1014 1104 1101 perpenderimus,
1124 1036 1207 1102 quae
1223 1016 1326 1080 nostri

161 1113 266 1198 ipsius
288 1113 444 1198 temporis
466 1135 679 1199 personarum
700 1113 898 1202 loquentium
921 1112 1073 1199 exempla
1094 1133 1154 1177 nos
1179 1111 1325 1178 doceant.

158 1213 273 1278 Nonne
304 1215 389 1276 enirn
421 1213 586 1290 audimus,
621 1213 755 1278 alteram
789 1213 986 1300 quibusdam
1018 1213 1149 1298 linguae
1176 1213 1324 1300 partibus
1371 1273 1374 1280 .

157 1312 365 1391 creberrimo,
387 1313 523 1378 alteram
548 1313 664 1378 iisdem
691 1315 797 1378 rarius
826 1311 896 1378 uti?
938 1313 1054 1378 Nonne
1081 1323 1188 1379 autem
1209 1313 1324 1378 nihilo·

158 1411 274 1491 secius,
297 1412 335 1492 si,
359 1409 497 1475 occlusis
520 1411 622 1476 oculis
646 1435 701 1476 eas
724 1411 953 1493 auscultantes,
975 1409 1056 1475 nihil
1075 1410 1324 1476 observaremus

158 1511 223 1573 nisi
246 1531 341 1596 quam
366 1531 463 1596 saepe
485 1513 701 1597 proprietates
718 1510 878 1599 quaedam
899 1518 1131 1597 repeterentur,
1153 1510 1235 1590 duos
1253 1533 1324 1576 ora·

159 1617 247 1673 tores
272 1607 552 1676 discerneremus?
596 1610 689 1690 Quae
711 1609 881 1691 facillime,
904 1609 1034 1698 quando
1057 1631 1077 1674 a
1102 1609 1229 1675 duabus
1252 1633 1324 1696 per·

158 1709 248 1772 sonis
272 1708 312 1772 de
335 1707 449 1773 eadem
471 1731 508 1773 re
524 1709 716 1797 disputetur,
738 1709 873 1796 probari
888 1731 995 1796 posse,
1010 1731 1070 1796 per
1088 1731 1124 1774 se
1146 1710 1324 1796 apparet.²)

587 1991 640 2061 II.
676 1991 893 2076 Negative.

244 2181 270 2238 1.
300 2173 356 2237 Ac
378 2175 504 2260 prima
531 2173 687 2260 quidem
710 2172 975 2238 obiectionum
1008 2172 1152 2238 classis
1174 2173 1324 2238 indicia

156 2274 247 2357 ipsa
269 2280 305 2335 et
325 2271 499 2357 linguam
521 2273 707 2336 universe
730 2280 949 2358 spectatam
973 2272 1148 2355 respicit.

242 2411 273 2482 a)
294 2403 392 2468 Haud
423 2403 518 2468 facile
548 2405 709 2490 quispiam
742 2402 871 2486 dixerit,
902 2401 1011 2467 nullas
1035 2403 1163 2469 omnino
1191 2402 1323 2488 linguae

158 2505 397 2591 discrepantias
420 2503 543 2568 adesse.
589 2503 793 2590 Quamquam
821 2504 907 2567 enim
930 2525 987 2567 eae
1013 2525 1077 2568 non
1099 2503 1223 2590 primae
1249 2501 1322 2567 effe-

158 2611 280 2685 cerunt,
309 2613 345 2668 ut
369 2602 477 2689 plures
506 2611 616 2690 partes
639 2625 659 2667 a
680 2602 792 2668 Pente.
814 2603 1079 2688 {seiungerentum
1107 2604 1185 2668 satis
1214 2611 1323 2668 tamen

156 2702 342 2769 luculentae
365 2703 502 2785 fuerunt,
533 2701 576 2766 ad
604 2725 685 2790 quas
709 2702 805 2768 Geos.
834 2703 938 2768 fontes
961 2702 1235 2788 dignoscerentur.
1279 2701 1324 2766 Et

161 2803 358 2890 simulatque
381 2801 474 2879 oculi,
497 2802 560 2866 Dei
582 2804 746 2868 nominum
762 2804 918 2868 varietate
932 2803 1070 2889 primum
1094 2804 1205 2887 stricti,
1229 2805 1323 2890 quasi

158 2903 278 2968 reclusi
301 2911 332 2967 et
354 2904 440 2967 acuti
462 2904 600 2983 suerunt,
622 2902 703 2967 alias
726 2925 852 2989 quoque
875 2912 1053 2968 senserunt.
1065 2903 1089 2986 3)
1111 2939 1153 2948 -
1178 2902 1323 2968 Facilius

159 3003 280 3090 aliquis
302 3002 464 3080 obiecerit,
489 3001 646 3066 eiusmodi
662 3001 850 3066 discrimina
872 3025 935 3066 non
957 3003 1105 3085 inveniri,
1124 3001 1233 3088 qualia
1251 3023 1324 3086 ger·

159 3103 265 3167 manis
289 3102 420 3186 scriptis
443 3101 542 3164 medii
566 3103 638 3164 aevi
661 3111 693 3165 et
713 3103 814 3165 nostri
839 3100 960 3166 saeculi
980 3100 1193 3183 intercedunt,
1215 3102 1322 3186 potius

158 3202 238 3267 talia
261 3201 330 3266 sola
352 3223 529 3283 occurrere,
549 3200 660 3288 qualia
688 3202 774 3264 intra
797 3200 932 3266 eandem
958 3201 1089 3286 linguae
1111 3199 1247 3265 alicuius
1269 3223 1322 3287 pe·

158 3300 285 3365 riodum
318 3309 455 3366 exstent.
465 3301 489 3382 ⁴)
542 3298 638 3380 Quod
666 3300 735 3364 fere
766 3308 853 3366 recte
879 3299 1088 3364 adversarius
1115 3298 1322 3366 contradixit.

229 3552 254 3617 1)
273 3547 358 3601 Aliud
381 3549 434 3612 est,
462 3545 538 3615 quod
560 3545 651 3601 Klein.
673 3563 701 3615 p.
725 3549 774 3600 tot
796 3545 947 3615 vituperat.
966 3577 1000 3586 —
1019 3546 1045 3616 2)
1066 3545 1132 3600 Vim
1148 3544 1322 3613 indiciorum,

159 3635 300 3688 crescente
318 3649 413 3687 eorum
430 3648 554 3696 numero,
572 3631 663 3701 ipsam
681 3646 811 3696 crescere,
838 3629 895 3684 iam
914 3630 977 3684 Vat.
996 3650 1023 3701 p.
1042 3635 1091 3685 415
1110 3649 1130 3684 s.
1149 3629 1227 3684 dixit.
1246 3630 1323 3685 Sttth.

160 3723 234 3783 1843,
256 3734 284 3786 p.
309 3720 407 3770 16-19
430 3714 512 3768 nimis
535 3711 679 3770 indefinite
705 3715 740 3770 do
762 3731 857 3770 eorum
883 3729 1000 3768 numero
1029 3713 1073 3767 his
1102 3713 1239 3783 loquiturr
1269 3713 1324 3770 fast

158 3802 284 3866 stehend,
314 3800 417 3868 hafflig,
448 3799 595 3870 gewdhnl,
624 3817 651 3854 u.
669 3802 747 3855 sonet
763 3800 831 3865 selt,
861 3798 917 3853 fast
933 3798 1017 3865 imm,
1037 3799 1093 3864 oft,
1117 3797 1324 3856 verhtltnissm.

159 3885 262 3956 wenig.
298 3885 389 3950 Quare
408 3883 494 3937 Kurtz
508 3889 581 3949 1844,
594 3902 622 3954 p.
636 3888 667 3937 75
686 3882 798 3938 criticos
810 3885 999 3955 reprehendit,
1019 3883 1095 3953 quod
1107 3882 1175 3938 satis
1187 3883 1324 3938 haberent

159 3971 314 4034 observare,
345 3965 433 4036 quae‘
448 3968 606 4023 crebrius
636 3967 672 4021 ab
702 3967 790 4023 altero
821 3986 906 4038 quam
927 3970 963 4024 ab
995 3969 1085 4025 altero
1112 3969 1324 4038 usurparentur.

159 4053 350 4108 Nihilominus
371 4055 466 4124 autem
483 4055 559 4108 recte
578 4065 618 4108 ox.
637 4069 679 4121 gr.
698 4051 811 4106 Schrad.
833 4058 903 4118 1863,
922 4071 950 4123 p.
971 4059 1030 4108 156:
1054 4051 1173 4119 „Hinter
1189 4046 1219 4106 ha
1237 4044 1324 4105 sss-ts

160 4140 235 4194 steht
252 4140 331 4192 sonst
348 4137 422 4193 beim
440 4137 586 4192 Jahvisten
603 4138 673 4190 fast
690 4136 927 4192 ausnahmslos
944 4143 1038 4190 ,πυ-Μ.
1052 4169 1084 4176 -
1096 4140 1122 4203 3)
1134 4135 1237 4190 Jahnio
1251 4139 1323 4202 1803,

158 4241 185 4292 p.
204 4228 321 4362 97,ann
339 4222 470 4316 Herbstio
498 4227 561 4277 1817
579 4241 607 4294 p.
627 4226 655 4276 11
676 4221 820 4276 assentior.
845 4253 876 4262 -
900 4224 926 4294 4)
946 4221 985 4276 of.
1004 4221 1061 4280 iam
1083 4219 1206 4276 Clericus
1224 4221 1322 4292 l.l.1.

161 4311 243 4362 1100
300 4343 307 4364 .
