3232 5042
662 357 868 418 ..25-

186 515 401 583 demonstrari
423 525 538 604 potest,
563 516 639 581 inde
661 518 703 582 ah
727 539 763 582 eo
779 518 906 583 demum
931 530 1075 603 tempore
1093 516 1195 602 libros
1211 517 1278 584 Vis.
1297 518 1346 582 Ti.

186 617 228 682 ab
249 615 385 682 Judaeis
409 628 633 685 sacrosanctos
656 619 859 682 existimatos
883 642 907 683 s.
931 617 1121 682 sententiam
1144 619 1285 682 nationis
1307 617 1347 681 de

185 725 331 782 veterum
354 719 550 804 scriptorum
574 717 730 801 dignitate
750 719 939 802 rigorosam,
955 739 1091 803 prorsus
1104 716 1347 796 immutabilem,

186 818 392 904 pharisaoam
419 819 539 882 foetum
571 840 659 899 esse,
696 841 759 904 quo
792 819 845 900 (70
878 842 909 904 p.
932 817 1041 900 0111)
1068 817 1248 894 Pharisaei,
1266 817 1347 883 sad·
1403 887 1413 913 θ

187 918 319 982 dueaeis
355 919 467 1000 vietis,
499 940 563 982 non
604 917 704 982 solum
733 925 856 982 mentes
893 917 951 982 sed
987 919 1085 981 etiam
1113 940 1165 982 res
1195 925 1348 982 externas

187 1016 299 1103 populi
330 1039 443 1102 regere
472 1026 657 1103 coeperunt.
701 1017 784 1081 Nam
811 1019 844 1080 in
870 1015 1078 1082 revelationis
1104 1016 1208 1082 literis
1238 1017 1349 1102 magni

187 1115 398 1180 aestimandis
428 1127 563 1203 utraque
590 1116 705 1202 populi
732 1139 810 1202 pars
838 1116 1081 1204 conspiravitl).
1128 1115 1250 1196 Quodsi
1276 1116 1348 1203 plus

189 1220 247 1281 150
271 1215 348 1277 anni
370 1222 443 1303 post
464 1214 675 1280 thsooratiam
706 1217 820 1280 merito
842 1213 946 1279 Esrae
973 1223 1005 1279 et
1028 1214 1109 1279 Neh.
1132 1223 1348 1279 restauratam

187 1322 221 1378 et
246 1313 360 1378 foedus
386 1313 595 1378 iureiurando
623 1313 768 1378 sollemni
790 1315 983 1400 interposito.
1003 1315 1184 1379 restitutam
1207 1321 1349 1399 praeter·

188 1416 291 1497 gressi
316 1421 421 1495 erant,
452 1435 524 1476 eum
551 1413 654 1476 sodex
678 1413 900 1478 Alexandriae
921 1413 1006 1479 verti
1028 1421 1162 1500 coeptus
1185 1422 1249 1478 est:
1285 1413 1350 1479 for·

187 1512 311 1576 tissime
339 1512 523 1594 retinemur,
546 1512 715 1597 quominus
731 1511 822 1576 LXX
836 1513 981 1577 virorum
1003 1513 1158 1577 lectiones
1173 1512 1250 1576 inde
1267 1512 1349 1576 deri·

187 1633 309 1683 vernus,
320 1609 404 1696 quod
418 1610 552 1696 periodo
564 1610 813 1702 antepharisaea
825 1617 933 1676 textus
944 1613 1052 1676 minus
1062 1611 1212 1698 religiose
1224 1635 1349 1677 eonser·

187 1717 282 1773 vatus
298 1711 348 1773 sit
384 1709 498 1772 Nonne
513 1717 621 1773 autem
634 1707 691 1773 illa
708 1709 942 1775 Wellhausenii
957 1713 1115 1776 sententia
1130 1711 1297 1800 denique
1312 1735 1350 1778 eo

188 1807 443 1890 commendatur,
466 1807 553 1894 quod
573 1807 726 1894 Aquilae,
747 1821 807 1874 oet.
828 1818 860 1873 et
882 1809 1164 1894 Targumistarum
1184 1812 1350 1876 versiones

187 1908 292 1993 magis
321 1930 419 1993 quam
440 1907 665 1972 Alexandrina
691 1929 763 1972 oum
790 1917 881 1973 textu
907 1911 1099 1974 masoretioo
1128 1909 1351 1975 consentiunt?

186 2007 226 2072 Id
248 2029 313 2072 non
334 2008 410 2072 inde
433 2007 664 2095 explicandum
687 2029 767 2090 esse,
790 2008 876 2093 quod
891 2011 988 2074 etiam
1005 2018 1078 2096 post
1092 2009 1349 2075 Alexandrinam

186 2107 368 2173 versionem
391 2107 571 2172 confectam
593 2129 694 2195 usque
710 2106 753 2172 ad
767 2105 1019 2172 Pharisaeorum
1034 2107 1164 2194 plenam
1178 2111 1351 2174 victoriani

187 2207 441 2272 Palaestinensis
462 2215 571 2272 textus
593 2209 699 2272 minus
721 2205 860 2271 fideliter
883 2216 1031 2272 servatus
1055 2207 1111 2289 sit,
1135 2229 1235 2294 supra
1257 2207 1352 2272 simul

190 2309 447 2373 demonstratum
469 2317 526 2375 est.
555 2307 669 2396 Neque
691 2316 799 2374 autem
824 2308 863 2372 de
886 2331 925 2373 ea
940 2307 1130 2372 difficultate
1146 2308 1352 2395 expedienda

190 2407 508 2493 desperandum-est.
559 2407 625 2474 Our
656 2407 785 2473 tandem
817 2429 881 2472 non
911 2405 1086 2493 διασκευῆς
1114 2427 1196 2494 opus
1222 2407 1352 2490 (Wellh.

189 2507 307 2570 introd.
329 2529 362 2592 p.
387 2511 472 2591 157),
505 2509 557 2572 oui
586 2529 672 2572 nuno
699 2513 746 2572 tot
773 2507 919 2572 hebraici
945 2514 1055 2572 textus
1082 2507 1275 2571 mutationes
1297 2507 1351 2570 ad-

190 2605 386 2689 scribuntur,
409 2608 583 2694 praecipue
604 2608 639 2671 in
660 2629 777 2692 graeco
799 2614 892 2672 textu
909 2608 1029 2672 fastum
1046 2628 1117 2670 esse
1133 2605 1352 2692 supponitur?

189 2705 317 2788 Nonne,
350 2729 502 2792 graecum
534 2715 656 2773 textum
689 2707 911 2794 multiplieiter
935 2708 1136 2772 immutatum
1166 2727 1250 2788 esse,
1278 2706 1353 2770 inde

189 2813 277 2870 reete
299 2804 477 2892 colligitur,
508 2807 596 2895 quod
618 2818 685 2872 tam
707 2811 799 2872 varie
822 2807 864 2871 ad
886 2815 1029 2872 nostram
1052 2806 1352 2872 aetatem-traditus

190 2905 260 2970 est?
282 2906 397 2971 Nonne
419 2907 687 2972 verisimillimum
710 2909 774 2990 est,
798 2907 1034 2990 Alexandriae,
1059 2909 1094 2970 in
1117 2905 1196 2971 urbe
1220 2906 1353 2992 philolo-

189 3027 314 3091 gorum,
343 3012 468 3071 textum
489 3006 590 3072 variis
614 3029 655 3073 ex
683 3007 865 3072 rationibus
887 3016 990 3072 artem
1013 3009 1160 3071 oritioam
1182 3017 1352 3092 expertum

190 3106 285 3171 esse?
307 3143 347 3154 -
370 3107 456 3188 Quis
477 3110 585 3194 igitur,
608 3117 640 3174 et
661 3109 814 3193 religiosa
828 3107 983 3173 historiae
1003 3107 1224 3172 Israelitarum
1240 3107 1353 3171 Palae·

192 3207 382 3270 stiriensium
404 3207 618 3294 postexilioae
638 3208 903 3294 (postesdrensis)
918 3205 1026 3272 indole
1042 3217 1073 3270 et
1087 3208 1210 3271 maiore
1221 3206 1353 3292 Aegyp-

190 3307 307 3372 tiorum
333 3305 484 3372 libertate
506 3307 763 3395 perpenderem,
789 3307 1059 3372 verisimillimum
1082 3315 1146 3384 est,
1178 3307 1212 3370 in
1239 3305 1353 3370 Palae-

191 3407 276 3472 stina
310 3406 501 3492 originalem
532 3416 655 3473 textum
684 3406 811 3472 fidelius
839 3415 1062 3472 conservatum
1099 3429 1169 3471 esse
1197 3428 1293 3492 quam
1321 3407 1354 3470 in

191 3509 363 3592 Aegypto:
384 3529 448 3570 non
470 3505 554 3589 lieet,
578 3529 832 3592 praesumamus
856 3528 967 3570 omnes
984 3503 1184 3570 Graecorum
1201 3504 1354 3570 lectiones
1434 3563 1437 3569 .

193 3607 234 3670 ab
258 3607 438 3692 antiquiore
459 3613 567 3669 textus
594 3606 698 3672 forma
719 3607 883 3693 profectas
906 3627 987 3670 esse.
1031 3604 1097 3670 Sed
1120 3604 1256 3690 singulis
1277 3605 1354 3670 loois

263 3805 288 3874 1)
306 3803 335 3859 Si
357 3802 460 3857 Wellh.
477 3801 579 3858 introd.
601 3822 629 3874 p.
652 3809 702 3859 624
723 3803 814 3858 lint.
838 3805 867 3858 et
884 3808 908 3858 2.
931 3819 1018 3858 annos
1035 3807 1080 3867 40,
1104 3800 1184 3871 quasi
1205 3803 1267 3856 tum
1284 3801 1356 3856 nihil

191 3890 304 3952 fuerint,
321 3887 453 3958 negligit,
471 3887 547 3942 idem
564 3891 714 3956 peecatum
732 3889 891 3952 committit,
910 3888 988 3942 euius
1006 3885 1205 3942 Delitnsohium
1228 3885 1355 3955 aliosque

192 3973 251 4028 sine
270 3973 348 4043 justa
366 3990 448 4027 cansa
465 3975 587 4035 accusat,
606 3973 702 4027 Gesoh.
720 3991 747 4042 p.
774 3978 821 4026 172
839 3991 899 4043 sup.
918 3977 964 4026 421
989 3972 1062 4026 med.
1085 4002 1114 4010 -
1133 3975 1160 4040 2)
1178 3971 1211 4025 of.
1230 3971 1355 4024 Sohiiren

191 4058 331 4113 Neutestl.
350 4057 458 4128 Ztgsoh.
477 4076 504 4127 p.
515 4062 565 4111 124
576 4056 700 4125 (Joseph.
721 4059 791 4110 antt.
802 4055 878 4120 XIII,
899 4063 937 4122 10,
956 4061 982 4124 6)
1002 4059 1031 4110 et
1042 4054 1166 4109 Philonis
1184 4055 1219 4110 de
1238 4054 1356 4108 Cononis

191 4142 390 4212 theopneustia
407 4143 494 4196 verba
512 4159 556 4211 sp.
575 4139 636 4195 Joh.
655 4139 862 4204 Delitzsohium‚
886 4141 920 4194 de
943 4141 999 4194 Sor.
1018 4140 1078 4194 Sae.
1099 4139 1285 4207 inspiratione
1304 4142 1355 4195 eto.

191 4243 219 4296 p.
238 4233 253 4282 2
271 4230 352 4292 nota3
369 4246 396 4297 p.
419 4221 447 4281 10
465 4245 485 4280 s.
520 4225 586 4278 Non
607 4224 811 4294 negligendum
833 4228 876 4279 est
893 4223 993 4278 Matth.
1013 4228 1035 4288 5,
1061 4229 1106 4280 18:
1130 4221 1202 4278 ἰῶτα
1222 4219 1253 4278 ἓν
1271 4217 1287 4294 ἢ
1304 4222 1355 4293 μία

193 4315 306 4383 arpalo.
1322 4343 1324 4352 κ
