3232 5042
844 345 883 418 32
926 379 966 389 ..

281 510 471 576 harmoniae
492 505 651 592 linguales
673 508 890 594 proprietates
912 509 1130 595 acquiruntur.
1159 507 1249 594 Ergo
1272 509 1312 574 iis
1334 509 1441 595 acqui-

281 609 390 674 rcndis
412 633 477 674 non
505 617 572 676 tam
601 611 727 674 animus
750 609 846 695 quam
869 608 1013 694 corporis
1036 607 1197 696 quaedam
1217 615 1326 695 partes
1350 631 1442 674 oecu-

282 719 409 798 pantur.
452 711 565 799 Itaque
585 717 692 776 actum
709 709 863 797 loquendi
879 709 1021 774 conferri
1043 708 1119 774 licet
1141 731 1212 774 cum
1236 699 1443 787 motionibus,

282 834 364 900 quae
379 810 528 898 pedibus,
551 809 709 888 manibus,
732 808 867 895 singulis
883 808 995 894 digitis
1011 817 1043 874 et
1064 809 1153 896 apud
1169 832 1280 876 omnes
1299 810 1443 878 homines

283 913 407 998 pariter
429 910 519 976 fiunt.

364 1009 397 1086 b)
412 1010 483 1075 Non
501 1031 520 1072 a
536 1008 673 1093 singulis
689 1008 874 1074 hominibus
889 1008 1000 1094 lingua
1014 1009 1182 1089 formatur,
1205 1008 1262 1072 sed
1278 1031 1298 1072 a
1320 1011 1443 1074 cunctis

282 1107 424 1173 eiusdem
451 1108 556 1191 gentis
587 1107 684 1171 sociis
714 1107 782 1170 sive
808 1106 957 1172 omnibus
987 1105 1130 1172 eiusdem
1157 1106 1301 1191 regionis
1321 1106 1444 1184 incolis,

282 1205 324 1274 ab
352 1205 535 1271 hominibus
562 1205 700 1294 denique
728 1205 871 1272 eiusdem
899 1207 1025 1272 aetatis.
1055 1243 1091 1252 -—
1122 1205 1208 1270 Sane
1242 1228 1306 1272 non
1340 1215 1445 1292 potest

283 1327 417 1391 prorsus
443 1304 571 1389 negari,
602 1305 699 1368 ctiam
727 1325 810 1392 quae
841 1304 981 1370 hominis
1015 1303 1152 1370 alicuius
1181 1305 1317 1391 propria
1339 1304 1445 1391 philo·

283 1403 432 1490 sophiam
455 1410 601 1489 spectent
615 1403 690 1479 (nisi
704 1404 862 1468 rationem
879 1404 1048 1488 sentiendi,
1071 1402 1128 1468 sed
1150 1410 1258 1470 tamen
1279 1402 1446 1470 iudicandi

283 1511 315 1570 et
338 1501 563 1585 concludendi)
583 1525 602 1566 a
623 1510 693 1568 tota
708 1504 777 1568 eius
794 1505 926 1570 natione
941 1512 973 1570 et
994 1503 1122 1568 saeculo
1139 1503 1298 1588 originem
1320 1502 1445 1586 ducere,

284 1603 349 1668 Sed
364 1625 435 1667 cum
452 1602 670 1689 spiritualium
684 1602 823 1668 hominis
834 1605 1067 1690 proprietatum
1084 1602 1329 1689 physiologicas
1343 1625 1445 1690 neque

285 1709 393 1768 autem
421 1701 673 1788 psychologicae
700 1724 846 1789 corpus
878 1704 946 1768 eius
974 1711 1133 1788 spectent:
1160 1701 1288 1768 laxiora
1316 1702 1446 1768 vincula

284 1810 371 1878 sunt,
394 1824 491 1888 quam
523 1823 606 1887 quae
630 1800 712 1866 solvi
737 1823 800 1866 noo
824 1801 954 1867 soleant.
998 1801 1167 1889 Loquendi
1190 1810 1297 1868 autem
1320 1801 1444 1884 modus,

283 1903 404 1988 quippe
427 1901 483 1987 qui
505 1900 643 1976 hominis
667 1902 831 1987 corpori
853 1903 1034 1968 imitatione
1057 1901 1193 1968 aliorum
1216 1902 1310 1988 quasi
1332 1902 1446 1987 impri-

282 2006 398 2078 matur,
421 2021 485 2092 non
508 1998 612 2064 solum
634 1999 768 2086 singulis
792 1999 976 2066 hominibus
999 1999 1182 2064 firmissime
1204 1998 1369 2082 adhaeret,
1389 1998 1446 2064 sed

285 2098 382 2162 etiam
405 2119 515 2163 omnes
538 2097 712 2184 populares
736 2106 767 2164 et
788 2098 940 2184 aequales
961 2098 1049 2164 velut
1071 2099 1172 2164 vestis
1196 2099 1338 2162 omnium
1361 2121 1445 2164 com·

284 2199 391 2264 munis
415 2198 604 2263 circumdat.
1076 2265 1079 2275 ,

366 2303 397 2380 c)
422 2297 494 2364 Has
523 2298 605 2364 duas
632 2299 674 2363 oh
702 2321 817 2364 causas
849 2299 1051 2364 diversarum
1086 2300 1267 2384 regionum,
1284 2300 1447 2395 'quamvis

284 2420 387 2484 prope
413 2397 478 2464 alia
506 2397 546 2462 ab
575 2397 639 2462 alia
668 2397 767 2480 absit,
793 2399 920 2464 incolae
948 2397 1036 2462 nulla
1063 2397 1129 2462 aha
1156 2407 1233 2462 nota
1259 2397 1394 2462 celerius
1417 2405 1449 2462 et

285 2502 402 2563 certius
434 2521 529 2585 quam
564 2497 718 2585 peculiari
750 2497 902 2586 loquendi
927 2499 1053 2562 ratione
1086 2496 1329 2582 dignoscuntur.
1381 2495 1450 2560 Nec

286 2598 399 2664 modus
423 2621 533 2662 eorum
555 2599 709 2684 proprius
731 2621 842 2664 omncs
864 2620 915 2662 res
939 2596 1169 2680 considerandi
1191 2607 1223 2662 et
1244 2595 1447 2662 diiudicandi

233 2710 234 2714 ’
286 2719 345 2762 neo
360 2718 531 2782 corporum
547 2696 721 2781 figurarum
739 2699 954 2783 proprietates
970 2705 1037 2760 tam
1051 2695 1137 2760 fidae
1153 2704 1226 2760 sunt
1240 2704 1345 2760 notae.
1380 2695 1450 2760 Nec

286 2798 390 2862 minus
407 2818 505 2882 quam
522 2795 561 2859 dc
577 2795 690 2860 incolis
706 2798 872 2860 variorum
889 2795 1032 2862 locorum
1048 2795 1083 2860 id
1099 2793 1188 2860 valet
1202 2794 1243 2859 de
1264 2793 1448 2860 homiuibus

286 2897 453 2962 variarum
467 2883 621 2962 aetatum.
653 2896 704 2962 An
720 2918 783 2960 non
801 2896 835 2960 id
851 2917 977 2982 quoque
993 2895 1151 2982 exemplis
1167 2894 1332 2960 hominum
1347 2897 1450 2960 nostri

287 2996 391 3081 ipsius
409 2997 566 3081 temporis
588 2994 767 3082 probatur?
812 2995 895 3061 Cum
916 2995 1090 3078 decenniis,
1114 3017 1197 3082 quae
1219 2996 1369 3080 proxime
1392 2995 1449 3060 ab·

286 3096 362 3160 hinc
384 3095 693 3182 praeterfluxerunt,
724 3095 824 3160 multo
853 3118 950 3180 quam
973 3105 1069 3160 antea
1090 3095 1225 3160 celerius
1247 3097 1275 3160 is
1297 3095 1451 3183 loquendi

287 3197 412 3280 modus,
429 3198 484 3283 qui
506 3197 686 3282 inscriptis
704 3196 957 3283 solususurpari
978 3197 1068 3280 solet,
1091 3197 1125 3260 in
1146 3196 1282 3260 urbibus
1304 3197 1450 3280 vicisque

285 3295 364 3360 fines
393 3296 486 3380 regni
517 3296 568 3358 sui
594 3305 808 3381 propagaret:
835 3295 994 3372 nonnulli,
1017 3318 1133 3360 novam
1156 3298 1316 3359 rationem
1339 3317 1449 3381 asper-

285 3402 411 3477 nantes,
433 3394 671 3481 quodammodo
695 3397 764 3460 vivi
785 3397 982 3482 praeteritae
1004 3395 1121 3460 aetatis
1143 3404 1242 3460 testes
1265 3403 1448 3461 evaserunt.

287 3495 506 3575 Quantumvis
521 3494 620 3560 iidem
635 3506 666 3558 et
681 3495 811 3560 iudiciis
832 3495 1024 3582 quibusdam
1048 3494 1235 3576 retinendis,
1254 3494 1451 3581 imaginibus

287 3596 482 3684 quibusdam
497 3595 702 3680 adhibendis,
719 3605 786 3662 tota
803 3621 837 3661 se
850 3597 985 3683 gerendi
1006 3597 1131 3661 ratione
1153 3595 1194 3660 ab
1217 3597 1330 3660 amicis
1345 3616 1451 3660 novae

287 3697 418 3762 dialecti
439 3697 569 3762 differre
595 3697 732 3780 soleant,
755 3704 848 3762 vetus
878 3704 986 3762 tamen
1018 3696 1172 3781 loquendi
1201 3696 1284 3760 ratio
1310 3692 1451 3760 luculen-

286 3800 446 3866 tissimum
477 3821 588 3862 eorum
613 3796 772 3861 indicium
804 3805 861 3862 est.
885 3833 922 3844 -·
945 3797 1066 3861 Verum
1089 3796 1218 3884 quidem
1245 3803 1308 3878 est,
1336 3795 1451 3875 exiis,

287 3898 403 3984 quihus
426 3899 645 3961 viventium
668 3919 880 3983 personarum
903 3896 1033 3961 dialecti
1054 3897 1248 3978 iudicantur,
1271 3897 1304 3958 in
1329 3896 1451 3959 exami-

286 3997 403 4062 nandis
423 3996 554 4062 dialecti
571 3995 851 4082 peculiaritatibus
874 3997 1183 4082 praeteritarum
1207 3997 1452 4081 generationum

288 4095 443 4162 nonnulla
465 4118 567 4184 eaque
584 4095 659 4182 ipsa
680 4095 802 4178 deesse,
826 4118 908 4183 quae
930 4095 1096 4160 celerrime
1119 4101 1150 4160 et
1170 4096 1346 4160 fortissime
1369 4095 1453 4158 auri-

287 4195 348 4260 bus
376 4195 612 4282 percipiuntur:
639 4193 768 4260 modum
807 4194 880 4260 dico
907 4202 1121 4260 consonantes
1154 4201 1185 4258 et
1217 4191 1347 4259 vocales
1377 4211 1452 4280 pro-

287 4292 472 4377 nunciandi,
496 4303 664 4359 accentum
679 4294 834 4360 strictiori
856 4315 952 4358 sensu
971 4301 1006 4365 ¹et
1027 4291 1201 4379 praecipue
1223 4290 1332 4358 latiori
1353 4313 1452 4358 sensu
