3232 5042
637 313 842 374 ..39-

159 471 320 538 calculum
341 471 506 537 adiiciunt.
519 473 540 549 1)
568 471 658 538 Inter
671 495 783 539 omnes
805 482 912 538 autem
936 479 1072 556 constat,
1088 471 1325 558 posterioribus

159 692 256 756 quam
278 669 451 756 prioribus,
475 672 623 756 quamvis
646 693 744 756 saepe
765 671 847 736 haec
866 669 981 755 regula
1002 669 1125 734 violata
1147 669 1198 734 sit.
1243 667 1325 748 Quis

158 778 217 852 est,
234 772 312 856 quin
331 771 438 836 statim
460 770 621 835 notissimi
642 770 728 836 illics
750 769 892 856 exempli
915 786 967 834 arr
983 776 1016 834 et
1037 786 1104 836 tur
1123 768 1325 834 meminerit?

158 869 235 952 (Res
258 876 374 952 autem,
399 891 482 955 quae
503 868 696 954 iampridem
716 869 908 934 manifestae
929 875 1012 950 sunt,
1028 867 1133 933 denuo
1155 870 1191 932 in
1203 889 1321 934 memo·

159 969 242 1032 riam
262 971 419 1049 revooari,
441 967 538 1032 hodie
560 969 702 1032 maxime
723 967 943 1032 necessarium
966 971 1035 1043 est.)
1079 965 1186 1046 Quam
1204 989 1272 1032 rem
1291 973 1326 1031 ut

158 1067 383 1150 diiudicemus,
407 1066 554 1132 similiter
576 1089 615 1132 ac
636 1089 668 1152 p.
688 1072 729 1133 26
752 1065 989 1152 procedendum
1011 1074 1069 1131 est.
1112 1066 1196 1130 Nam
1217 1067 1326 1130 facere

156 1192 222 1234 non
244 1191 425 1254 possumus,
448 1169 527 1255 quin
554 1167 608 1231 hic
628 1176 823 1253 repetamus,
849 1165 891 1231 ab
912 1167 964 1248 iis,
995 1167 1051 1252 qni
1068 1165 1130 1231 boc
1152 1165 1325 1230 discrimen

162 1289 182 1331 a
204 1269 379 1332 temeraria
402 1266 530 1332 scribae
558 1267 699 1352 priorem
721 1266 809 1331 unici
835 1265 921 1330 illius
948 1265 1071 1332 codicis
1092 1272 1218 1352 partem
1249 1286 1325 1328 exa-

157 1366 261 1429 rantis
284 1363 546 1440 consuetudine2)
566 1363 724 1446 derivant,
747 1364 967 1450 quaestionem
989 1385 1054 1428 non
1076 1364 1160 1428 iuste
1182 1382 1324 1450 perpone

158 1463 306 1528 deratam
328 1485 406 1528 esse.
442 1463 511 1528 Nec
528 1485 605 1527 vero
629 1464 733 1548 magis
755 1485 794 1527 ea
814 1485 866 1526 res
891 1462 1100 1528 absolutae
1122 1463 1325 1528 auctoritatis
1420 1494 1422 1498 ·

157 1570 217 1626 est.
260 1562 345 1627 Eam
367 1563 451 1626 enim
474 1561 516 1625 ad
539 1571 686 1626 auctores
702 1562 875 1648 primarios
897 1563 988 1648 ipsos
1009 1562 1126 1646 redire,
1149 1584 1211 1648 pro
1235 1570 1324 1626 certo

157 1661 348 1738 habeamuS,
371 1685 437 1727 non
459 1661 542 1739 licet,
563 1662 691 1726 etiamsi
709 1669 775 1726 tam
799 1661 905 1744 facile,
925 1685 1024 1749 quam
1043 1659 1206 1727 nonnullis
1227 1659 1325 1726 hodie

157 1759 200 1824 ob
224 1767 505 1825 monumentorum
528 1759 794 1846 orthographiam
815 1759 965 1841 videtur,
987 1759 1092 1825 refelli
1121 1783 1186 1825 non
1208 1768 1324 1846 potest.

156 1859 242 1924 Eam
261 1867 367 1924 autem
389 1858 587 1924 relativae
609 1860 810 1924 auctoritatis
827 1881 908 1942 esse,
924 1860 1106 1925 retinemus.
1136 1858 1325 1934 Certissima

156 1959 243 2022 enim
265 1957 346 2023 illud
368 1957 541 2022 discrimen
563 1955 639 2021 inde
662 1957 820 2043 explicari
839 1955 978 2039 videtur,
1001 1956 1087 2045 quod
1110 1956 1198 2044 apud
1219 1955 1324 2022 Israe-

156 2058 232 2122 litas
255 2059 409 2121 memoria
431 2063 593 2120 retentum
622 2057 677 2136 sit,
709 2053 947 2140 antiquioribus
968 2055 1171 2141 temporibus
1193 2055 1323 2120 vocales

158 2157 267 2221 rarius
289 2177 347 2242 per
369 2161 583 2220 consonantes
610 2153 771 2221 indicatas
799 2176 878 2218 esse.
905 2189 947 2200 -
972 2153 1234 2242 Haudquaquam
1263 2178 1323 2219 nos

156 2257 321 2343 praeterit,
343 2257 390 2320 ita
411 2255 594 2320 iudicantes
616 2277 675 2320 nos
698 2256 792 2342 quasi
817 2276 881 2319 uno
909 2254 976 2319 solo
998 2277 1114 2339 gressu
1143 2254 1247 2319 abiis
1271 2254 1318 2317 di-

156 2364 253 2436 stare,
269 2355 324 2440 qui
346 2355 441 2420 etiam
465 2377 504 2418 ea
519 2355 643 2419 formae
657 2352 815 2418 elementa
831 2352 874 2416 ad
889 2361 1038 2416 auctores
1059 2353 1148 2439 ipsos
1163 2354 1323 2417 referunt:

156 2453 215 2518 sed
236 2452 292 2517 illo
314 2475 378 2517 uno
397 2475 512 2537 gressu
534 2475 669 2538 prorsus
692 2450 735 2515 ad
757 2473 826 2534 eos,
849 2453 970 2536 quippe
992 2451 1047 2538 qui
1074 2450 1321 2516 mutabilitatem

159 2554 322 2636 humanae
354 2550 422 2638 Scr.
450 2550 522 2614 Sae.
555 2551 658 2636 partis
690 2573 807 2636 parum
843 2556 1038 2634 agnoscant,
1072 2549 1227 2615 accedere
1258 2571 1324 2636 nop
1392 2626 1394 2632 7

159 2652 326 2718 audemus.
366 2649 449 2713 Sunt
472 2671 550 2713 sane
572 2648 638 2713 alia
657 2670 793 2736 quoque,
810 2670 892 2732 quae
914 2646 1082 2724 suadeant,
1105 2656 1142 2712 ut
1163 2671 1324 2714 summam

161 2752 346 2816 cautionem
371 2750 403 2812 in
427 2771 466 2812 ea
487 2770 523 2813 re
538 2746 749 2812 diiudicanda
767 2745 989 2810 adhibeamus.
1020 2745 1185 2832 Numquid
1200 2747 1324 2813 formae

155 2852 304 2920 fortiores
326 2866 406 2932 pur,
429 2865 496 2931 prat
518 2847 643 2912 deletae
664 2846 797 2929 sunt?³)
831 2847 896 2912 Cur
918 2869 981 2910 non
999 2845 1109 2933 plures
1124 2847 1322 2913 Aramaismi

156 2949 321 3037 prioribus
342 2948 435 3012 libris
458 2944 583 3011 obtrusi
605 2945 701 3011 sunt?
722 2981 763 2994 -
786 2945 851 3009 Ubi
878 2955 986 3009 autem
1008 2945 1114 3010 forma
1134 2947 1224 3011 vocis
1255 2971 1320 3012 non

156 3049 410 3117 consonantibus
437 3048 613 3123 indicatur,
643 3071 695 3112 res
723 3049 828 3112 minus
860 3057 949 3111 certa
982 3055 1037 3110 est.
1092 3047 1176 3110 Nam
1206 3049 1322 3133 signa

156 3149 319 3216 vocalium
341 3171 405 3212 non
434 3157 508 3212 sunt
534 3147 663 3210 indiciis
687 3146 764 3232 phil.
793 3145 1081 3224 adnumeranda-⁴)
1122 3145 1228 3225 Quare
1257 3169 1322 3212 non

227 3419 252 3469 ll
271 3411 374 3468 Wellh.
393 3409 559 3466 Geschichte
581 3429 608 3482 p.
628 3415 675 3466 401
702 3409 748 3480 (de
769 3421 809 3462 mr
827 3409 856 3464 et
874 3409 936 3474 naar)
958 3424 1058 3478 parum
1080 3409 1135 3462 sibi
1152 3411 1271 3465 constat.
1290 3441 1322 3450 —

157 3503 184 3565 2)
202 3499 247 3552 vel
265 3498 342 3561 inde,
371 3495 447 3564 quod
468 3493 576 3563 primae
599 3495 671 3551 duae
694 3493 814 3550 Canania
836 3494 931 3562 partes
955 3491 1041 3547 tertia
1064 3493 1142 3562 prius
1164 3493 1275 3549 clausae
1293 3496 1322 3549 et

88 3631 91 3636 ,
158 3583 352 3636 sacrosanctae
371 3580 528 3635 declaratae
546 3581 609 3645 sint,
630 3580 734 3635 addere
745 3578 887 3644 nonlicet,
906 3593 1032 3633 cnm-aar
1046 3578 1130 3634 etiam
1148 3579 1177 3631 in
1190 3576 1324 3632 Sacharia

156 3666 277 3734 legatur.
298 3697 329 3704 -
348 3669 373 3732 3)
392 3679 442 3718 aa:
459 3664 604 3729 vocabulo,
623 3664 699 3733 qnod
716 3663 783 3718 olim
800 3662 875 3719 inter
891 3662 995 3717 indicia
1007 3663 1141 3730 antiquae
1152 3659 1255 3716 aetatis
1271 3661 1322 3716 ha·

158 3750 249 3804 bitum
267 3751 316 3814 ast,
335 3749 368 3803 of.
387 3748 488 3818 Hgstb.
508 3753 579 3813 1833,
599 3749 649 3803 ool.
662 3753 718 3813 350,
736 3765 810 3802 nunc
827 3751 923 3804 autem
939 3748 1092 3815 secundum
1104 3745 1179 3800 arab.
1190 3744 1321 3816 linguam

158 3835 249 3889 forma
264 3832 373 3887 facilior
389 3833 517 3896 habetur,
535 3837 611 3887 recte
623 3833 715 3888 Klein.
728 3851 755 3902 p.
768 3838 816 3888 192
834 3851 899 3886 usus
917 3834 967 3896 est,
984 3835 1017 3886 ut
1034 3831 1246 3897 demonstraret,
1265 3849 1323 3888 non

159 3917 288 3973 omnibus
306 3917 337 3970 in
354 3917 436 3971 rebus
454 3916 494 3971 Pi.
512 3919 609 3986 partes
627 3917 791 3982 consentire,
809 3934 876 3972 nam
892 3917 923 3970 in
940 3915 1107 3971 sacerdotali
1118 3915 1322 3986 legumlatione

159 4005 189 4058 et
206 4003 258 4058 Gn.
274 4008 325 4069 (30,
345 4007 384 4057 32.
404 4007 443 4056 35.
463 4005 506 4067 39)
523 4003 637 4071 praeter
654 4001 727 4055 illud
749 4001 838 4058 etiam
856 4015 906 4056 aaa
927 3999 1054 4070 obvenit)
1072 4000 1122 4056 Gn.
1142 4005 1182 4068 21,
1202 4006 1243 4068 29,
1264 4019 1321 4070 quo

158 4089 189 4142 in
205 4086 335 4158 negando
359 4085 451 4160 Klein,
472 4085 598 4153 fallitur),
622 4087 655 4140 ol.
678 4085 761 4140 Dent.
781 4091 819 4152 14,
838 4093 862 4141 4.
878 4113 913 4127 ·-
935 4089 963 4154 4)
987 4085 1090 4140 Contra
1112 4103 1173 4141 eam
1194 4088 1321 4158 regulam

159 4171 286 4242 peccavit
302 4171 403 4242 Hgstb.
423 4175 487 4227 1833
507 4169 558 4224 ool.
577 4175 638 4233 3543
657 4169 770 4226 Schrad.
790 4175 854 4226 1863
872 4171 908 4225 ad
928 4176 966 4235 11,
987 4175 1022 4224 1--
1036 4175 1059 4224 9.
