3232 5042
702 340 885 398 -9..

212 518 298 583 gum.
327 523 448 564 novam
477 499 619 564 indolem
641 498 805 580 induerat,
829 521 922 580 cum,·
943 500 1050 562 causis
1073 497 1152 581 illis,
1175 520 1258 584 quae
1281 506 1376 562 autea

213 621 254 662 ex
276 599 428 682 universa
449 597 554 661 Penti.
597 598 702 662 forma
729 596 979 682 contemplanda
1006 596 1143 660 haustae
1165 606 1267 672 erant,
1288 593 1375 660 nullo

211 697 307 761 modo
331 698 538 784 contemptis,
568 698 710 760 omnium
735 699 858 782 primus
887 694 960 761 (tin.
990 706 1021 759 11
1052 697 1159 782 prima
1180 695 1244 760 Ex.
1267 696 1376 780 capita

212 797 389 863 secundum
421 797 579 882 singula
609 796 807 861 vocabula
833 789 878 874 (u
907 806 938 860 et
960 801 999 874 r)
1030 796 1217 860 dissecaret.
1260 795 1375 859 Eich-

212 899 306 963 horn
334 903 413 965 1780
439 901 561 984 primus
587 896 707 962 diserte
736 897 836 982 capiti
867 895 995 960 cuidam
1022 895 1269 961 introductionis
1298 917 1375 960 suae
1477 973 1480 978 Ι

211 1000 377 1084 inscripsit
404 999 550 1078 „Beweis
577 1021 635 1062 aus
671 997 728 1062 der
756 997 920 1083 Sprache“
933 997 964 1078 ¹).
1014 995 1099 1061 Fere
1133 995 1263 1084 quidem
1295 997 1374 1060 satis

212 1097 328 1162 habuit
350 1097 556 1184 explicuisse,
580 1120 678 1184 quam
699 1097 790 1160 varie
812 1098 845 1160 in
869 1095 990 1160 duabus
1007 1095 1121 1160 diluvii
1137 1093 1375 1160 narrationibus

199 1198 344 1263 eaedem
366 1201 513 1263 notiones
537 1197 720 1284 descriptae
743 1203 860 1280 essent,
879 1219 982 1283 neque
1001 1196 1178 1283 quidquam
1194 1205 1288 1260 extra
1303 1195 1375 1260 illas

210 1303 412 1364 narrationes
441 1299 642 1381 observavit,
675 1299 738 1362 nisi
765 1317 825 1385 pm
849 1309 880 1362 et
909 1313 976 1383 γπυ
999 1299 1031 1360 in
1059 1297 1143 1361 libro
1164 1295 1258 1361 Jhae.
1285 1319 1375 1360 usur-

211 1408 323 1484 patum
346 1421 428 1464 esse:
465 1408 622 1480 attamen,
656 1398 691 1461 id
720 1398 807 1484 quod
835 1397 956 1462 Astruc
986 1398 1154 1478 omiserat,
1188 1419 1300 1461 rursus
1333 1396 1375 1460 ad

210 1498 375 1562 diversam
416 1501 591 1563 sententias
634 1498 789 1563 induendi
824 1499 982 1562 rationem
1019 1499 1052 1562 in
1081 1519 1200 1582 genere
1229 1495 1375 1562 attendit.

207 1595 321 1682 Ilgen
345 1601 442 1677 1798,
471 1599 541 1684 qui,
568 1597 653 1684 quod
676 1596 826 1684 equidem
857 1597 973 1677 sciam,
1001 1597 1125 1682 primus
1151 1594 1319 1660 Elohistae
1344 1603 1376 1660 et

207 1695 398 1761 Jehovistae
427 1697 559 1760 nomina
584 1695 726 1777 effinxit,
756 1719 820 1760 non
848 1703 972 1760 tantum
1000 1704 1127 1781 partem
1155 1693 1251 1760 Geos.
1273 1694 1374 1761 multo

209 1795 399 1881 ampliorem
439 1804 660 1882 perscrutatus
705 1803 766 1877 est,
814 1795 871 1859 sed
907 1796 1004 1859 etiam
1036 1793 1207 1860 nonnullas
1242 1803 1374 1860 certas

209 1896 536 1980 significationes
559 1895 600 1960 ab
623 1895 724 1960 altero
752 1897 912 1981 scriptore
940 1895 1021 1960 solo
1045 1917 1199 1980 semper
1226 1893 1375 1966 adhiberi

209 1996 334 2062 invenit
356 2003 398 2076 et,
421 1994 494 2058 aliis
515 1994 616 2059 multo
639 1994 787 2058 subtilius
809 1996 995 2060 universam
1016 1994 1082 2060 stili
1097 1994 1236 2060 indolem
1250 1997 1372 2060 exami-

208 2115 300 2175 nans,
314 2092 420 2158 Elam.
442 2095 634 2179 pronomina
653 2095 785 2177 evitare,
804 2093 1034 2180 perissologias
1052 2095 1086 2158 in
1102 2093 1226 2160 deliciis
1241 2093 1372 2177 habere,

210 2199 267 2258 cet.
291 2193 444 2276 cognovit
453 2191 488 2273 2).
1425 2199 1429 2207 '

291 2289 357 2356 Sed
379 2313 441 2376 quo
475 2289 631 2356 audacius
653 2291 701 2356 illi
722 2292 785 2355 viri
808 2291 843 2356 id
863 2313 987 2376 argum.
1009 2289 1096 2355 nullo
1119 2290 1215 2356 modo
1238 2290 1373 2356 dissolvi

208 2413 305 2478 posse
335 2390 624 2471 confirmaverunt,
647 2414 684 2456 eo
706 2392 821 2456 fortius
850 2390 905 2456 alii
932 2392 972 2454 iis
1000 2390 1143 2456 oblocuti
1163 2399 1246 2456 sunt.
1289 2389 1375 2457 Ante

208 2493 329 2572 omnia,
358 2498 393 2556 ut
415 2513 476 2576 par
509 2512 580 2555 esse
613 2491 757 2574 ridetur,
793 2491 960 2570 adiiciam,
997 2490 1374 2574 Oorrodium17833),

210 2613 283 2654 curn
305 2591 445 2676 primam
468 2589 718 2654 introductionis
733 2589 850 2656 Eichh.·
873 2591 1044 2657 editionem
1067 2592 1100 2655 in
1123 2613 1260 2655 examen
1278 2613 1374 2655 voca.

206 2701 268 2771 ret,
297 2691 405 2754 statim
439 2689 531 2754 varia
564 2689 630 2753 stili
655 2712 777 2774 genera
809 2689 986 2777 quidquam
1012 2688 1055 2755 ad
1081 2691 1185 2754 Penti.
1218 2691 1374 2756 unitatem

208 2788 438 2856 destruendam
460 2788 570 2854 valere
591 2791 774 2874 negavisse.

292 2911 318 2968 1.
349 2904 434 2968 Sane
455 2927 519 2968 non
542 2902 722 2986 defuerunt,
739 2906 793 2990 qui
806 2903 870 2968 illis
886 2906 965 2969 viris
981 2905 1265 2992 adstipularentur.
1288 2905 1373 2970 Nam

205 3000 227 3065 J
233 3001 340 3078 ahn⁴)
370 3003 506 3077 censuit,
530 3001 668 3066 duorum
693 3002 879 3068 ultimorum
893 3003 1003 3070 Deuti.
1020 3007 1162 3091 capitum
1186 3004 1294 3069 stilum
1316 3005 1372 3068 ab·

187 3102 338 3190 ¹horrere
362 3101 403 3165 ab
426 3101 576 3183 aliorum,
610 3111 649 3167 ct.
674 3111 707 3167 ct
727 3103 865 3190 largitus
887 3112 951 3181 est,
980 3105 1143 3169 scribendi
1167 3127 1285 3190 genere
1309 3106 1371 3168 sin·

207 3200 301 3285 gulas
325 3199 422 3266 Gens.
445 3211 556 3288 partes
577 3203 661 3266 inter
685 3223 719 3266 se
734 3202 932 3290 discrepare,
952 3225 1147 3291 quamquam
1163 3206 1227 3268 vim
1244 3204 1372 3270 illorum

206 3300 432 3364 discriminum
464 3298 562 3364 valde
577 3301 785 3377 attenuavit,
817 3324 954 3388 negans,
983 3304 1123 3368 casatis
1145 3305 1320 3390 perspicua
1342 3315 1373 3372 et

208 3409 296 3464 certa
329 3423 414 3480 1111,
450 3401 493 3466 ad
525 3423 609 3488 quae
637 3424 719 3488 opus
749 3403 947 3487 singulorum
980 3414 1148 3470 auctorum
1175 3406 1372 3489 reficeretur,

137 3556 140 3562 .
205 3523 311 3586 neque
345 3524 415 3566 eam
447 3500 488 3565 ob
523 3522 653 3566 oausam
688 3523 774 3566 nova
802 3501 889 3566 illius
919 3503 1159 3590 discrepantiae
1188 3507 1373 3571 testimonia

211 3600 380 3688 quaesivit.
407 3598 522 3664 Paullo
545 3598 619 3685 plus
641 3599 695 3664 illi
714 3623 803 3684 argo.
826 3601 942 3665 tribuit
966 3593 1088 3668 Kelle¹
1103 3609 1228 3672 181111.
1239 3605 1274 3688 ⁵),
1297 3607 1373 3692 quia

210 3701 244 3766 id
266 3711 380 3786 aptum
401 3723 473 3767 esse
495 3699 538 3764 ad
562 3701 649 3787 quod
682 3701 763 3769 Gis.
793 3702 999 3771 dirimeretur
1030 3706 1189 3771 iudicavit
1214 3729 1274 3772 nec
1299 3731 1372 3788 non,

274 3956 300 4020 1)
318 3955 342 4004 tl.
361 3915 477 4019 111111.
500 3954 613 4014 51-19;
642 3949 698 4004 alia
720 3949 902 4007 inveniuntur
929 3971 957 4022 p.
980 3959 1088 4024 stt-,ar
1115 3961 1146 4008 57
1169 3973 1189 4009 1.
1213 3960 1320 4010 60-63.
1338 3987 1372 3996 -

205 4033 231 4104 2)
250 4031 302 4086 Die
323 4033 407 4087 Urkk.
432 4034 457 4090 d.
476 4035 564 4089 Jerus.
605 4034 833 4104 Tempelarchivs
855 4039 907 4092 etc.
928 4043 999 4101 1798,
1027 4057 1054 4107 p.
1078 4044 1133 4093 379.
1158 4043 1206 4093 386
1228 4057 1248 4093 1.
1270 4044 1319 4094 391)
1337 4035 1378 4094 11.’

203 4147 238 4155 -
257 4121 282 4185 3)
300 4116 401 4172 Beitrr.
420 4136 442 4172 z.
454 4117 807 4192 Bcfdrderg.d.vernlinft.
826 4121 915 4177 Denk.
938 4122 956 4176 i.
974 4123 1000 4176 d.
1013 4122 1104 4191 Relig.
1123 4121 1192 4178 Heft
1208 4129 1231 4178 4.
1253 4130 1324 4190 1783,
1343 4145 1370 4195 p.

203 4205 324 4338 {iffi
353 4202 380 4272 r)
401 4207 473 4267 reos,
497 4202 567 4276 11‚‚1
593 4222 620 4273 p.
643 4209 683 4258 or.
707 4209 747 4259 ar.
770 4211 802 4262 ao
821 4223 854 4270 s.;
887 4213 957 4272 1814,
977 4225 1008 4276 p..
1027 4212 1084 4263 201.
1114 4237 1147 4246 -
1177 4209 1202 4278 1)
1221 4226 1248 4278 p.
1270 4210 1369 4266 xxm.

325 4304 346 4340 s·
796 4309 798 4313 .
