3232 5042
765 331 971 395 -28--

284 495 416 569 cunctis¹
438 493 519 558 locis
542 495 748 558 exstiterunt:
785 515 901 580 parum
928 491 1022 557 nobis
1056 492 1226 578 probatum
1261 498 1361 572 esset,
1393 499 1448 554 aut

282 594 435 658 universa
457 592 498 658 ob
522 601 672 658 externas
693 593 886 658 fortuitasve
908 614 1023 658 causas
1045 603 1117 658 orta
1140 601 1196 657 aut
1217 601 1284 656 tam
1307 590 1445 655 ridiculo

282 691 390 758 studio
411 691 545 756 fortuita
567 691 689 776 (qualia
710 714 752 756 cx
772 691 930 777 Lagardii
953 693 1112 756 sententia
1134 693 1253 774 essent)
1274 690 1355 754 vitia
1377 690 1446 752 inri-

281 791 372 856 tandi
402 813 444 856 ex
474 789 538 856 alio
570 791 752 878 exemplari
784 792 841 856 alii
873 791 1007 856 obtrusa
1042 815 1122 856 esse.
1166 791 1346 876 Denique
1383 810 1446 852 non

282 894 387 976 magis
414 913 509 975 quam
537 890 732 956 Brockhaus
759 892 813 970 (cf.
841 891 960 957 Wellh.
984 892 1102 956 introd.
1131 915 1161 977 p.
1190 896 1248 958 621
1280 891 1318 972 s.)
1338 891 1445 954 omnia

280 990 449 1077 Rigvedae
470 992 703 1078 manuscripta,
726 993 874 1078 quamvis
899 993 1145 1056 accuratissime
1168 991 1381 1074 consentiant,
1405 987 1445 1052 ab

283 1113 346 1156 uno
369 1090 547 1182 archetypo
572 1092 730 1175 originem
759 1091 877 1156 ducere
897 1094 1024 1173 statuit,
1053 1091 1093 1156 de
1121 1091 1270 1156 hebraeis
1297 1111 1392 1154 mscr.
1412 1087 1445 1152 id

282 1189 432 1256 contendi
454 1189 538 1256 licet.
582 1189 628 1253 Ut
657 1191 690 1254 in
711 1188 807 1254 India
835 1192 881 1254 sic
910 1192 943 1254 in
964 1190 1153 1255 Palaestina
1179 1191 1307 1254 evenire
1329 1188 1444 1274 potuit,

280 1299 316 1353 ut
338 1289 512 1354 secundum
542 1289 721 1354 scribarum
747 1289 894 1374 regulas,
923 1313 1006 1377 quae
1032 1289 1127 1356 nobis
1154 1313 1219 1354 non
1245 1289 1355 1353 verbis
1389 1287 1444 1352 sed

280 1389 367 1454 facto
403 1388 543 1453 traditae
575 1395 663 1465 sunt,
701 1410 810 1452 omnes
847 1390 1064 1474 proprietates
1101 1396 1267 1452 externam
1303 1385 1444 1451 indolem

282 1491 491 1574 spectantes
483 1512 515 1554 m
539 1511 649 1554 omnes
673 1488 832 1554 codices
824 1498 1077 1575 irreperent.
1036 1488 1242 1573 -‘tGur1git
1246 1511 1282 1552 ur
1301 1497 1354 1552 vet
1356 1509 1443 1552 erum

281 1590 453 1672 sententio,
482 1591 591 1654 omnia
619 1588 820 1675 exemplaria
849 1588 891 1652 ad
917 1597 1059 1654 masoret
1062 1611 1152 1652 arum
1178 1588 1266 1673 leges
1299 1609 1443 1652 accomo-

280 1689 359 1754 data
388 1712 473 1767 esse,
500 1712 585 1753 nnnc
617 1688 732 1774 plane
759 1688 940 1752 deseritur?
970 1689 1038 1754 Our
1064 1690 1127 1754 viri
1157 1688 1244 1753 docti
1271 1687 1443 1751 nonsatis

279 1789 477 1871 habuerunt,
510 1788 601 1853 illam
627 1797 773 1852 veterum
802 1790 994 1854 sententiam
1017 1789 1067 1852 his
1098 1788 1222 1873 verbis,
1260 1810 1343 1874 quae
1375 1787 1444 1852 sola

279 1888 445 1954 historicis
483 1889 590 1952 causis
634 1887 855 1954 commendari
890 1887 1057 1972 videntur,
1099 1887 1283 1975 explicare:
1323 1889 1443 1952 miras

277 1986 370 2052 illas
390 2008 523 2052 mscrr.
553 1994 781 2051 nostrorum
808 1993 920 2051 notas
943 1976 976 2050 in
1002 1988 1115 2056 variis
1138 1985 1442 2073 exemplaribus

279 2085 455 2169 paulatim
487 2093 607 2162 ortas,
638 2093 713 2150 turn
743 2109 763 2150 a
791 2088 999 2150 masoretis
1030 2086 1221 2151 collectas
1248 2094 1283 2150 et
1304 2093 1443 2172 postea

280 2181 496 2248 secundum
532 2205 664 2248 eorum
699 2182 858 2268 regulas
893 2184 932 2246 in
963 2183 1184 2267 omnibus¹)
1221 2182 1442 2248 codicibus

277 2288 458 2346 retentas
486 2280 597 2344 csse?
632 2280 700 2346 Cur
727 2305 813 2346 nova
840 2283 1000 2346 sententia
1025 2283 1202 2368 profertur,
1233 2305 1306 2346 eum
1339 2281 1441 2347 solnm

279 2381 313 2442 in
341 2379 452 2462 finem,
479 2390 514 2443 ut
540 2386 649 2444 textus
675 2379 762 2446 illius
791 2381 897 2446 unici
923 2382 1135 2446 vetustissimi
1162 2380 1359 2467 exemplaris
1389 2379 1443 2446 vel

280 2486 526 2544 conservaretur
547 2478 599 2541 vel
621 2480 852 2565 restitueretur,
875 2485 1038 2546 masoram
1061 2482 1276 2567 conscriptam
1300 2479 1394 2544 esse?

362 2594 395 2674 b)
420 2594 532 2658 Altero
553 2594 624 2660 loco
651 2598 830 2683 quaeritur,
862 2596 1057 2683 quomodo
1084 2598 1245 2679 intexto,
1268 2597 1323 2681 qui
1346 2617 1440 2680 quam

279 2695 421 2758 maxime
443 2694 570 2781 amplus
599 2705 631 2760 et
653 2707 818 2761 correctus
847 2706 880 2760 et
906 2696 1074 2781 originalis
1096 2704 1153 2778 est,
1178 2698 1329 2761 materies
1352 2694 1440 2760 colli-

279 2791 387 2876 ganda
409 2792 458 2856 sit.
501 2793 572 2862 Hoc
591 2802 627 2858 ut
654 2793 858 2876 definiamus,
885 2795 943 2858 vix
972 2803 1021 2860 est
1041 2817 1098 2860 cur
1119 2815 1317 2866 moneamus,
1337 2793 1441 2878 regio·

277 2911 351 2954 nem
384 2892 584 2976 assignatam
617 2899 717 2958 totam
748 2891 1011 2978 perlustrandam
1042 2915 1121 2960 esse.
1169 2892 1244 2958 Huc
1280 2893 1440 2979 imprimis

277 2987 433 3056 nonnulla
454 2989 669 3056 Hoelemanni
690 2991 793 3058 verba
816 3000 963 3078 spectent
968 2992 1009 3090 ²·)

360 3104 470 3170 Minus
499 3117 555 3171 aut
556 3129 606 3171 em
609 3107 800 3207 hucusque
831 3115 888 3172 aut
909 3109 1075 3194 cognitum
1096 3116 1152 3171 aut
1174 3129 1362 3172 concessum
1384 3115 1440 3186 est,

277 3211 432 3292 quotquot
453 3207 575 3271 indicia
602 3180 646 3271 ad
667 3207 815 3293 linguam
835 3210 998 3294 pertinere
1025 3231 1124 3294 supra
1145 3208 1179 3271 in
1181 3207 1379 3283 etlleximus‚
1401 3228 1441 3270 ea

277 3307 386 3369 omnia
414 3308 534 3392 respici
556 3306 684 3374 debere.
728 3308 812 3372 Nam
833 3309 897 3373 hist
885 3312 969 3373 toria
990 3308 1085 3372 huius
1108 3309 1189 3393 argi
1210 3306 1305 3371 nobis
1326 3327 1440 3370 narra·

276 3406 334 3488 vit,
358 3407 486 3494 copiam
508 3408 764 3474 testimoniorum
785 3408 963 3474 lentissime
986 3417 1114 3484 auctam
1137 3415 1168 3472 et
1187 3407 1351 3493 hueusque
1366 3429 1442 3493 par-

276 3505 407 3571 ticulam
437 3516 563 3572 tantum
596 3530 706 3574 eorum
733 3509 940 3574 observatam
959 3530 1043 3574 esse.
1084 3507 1125 3572 Id
1150 3530 1221 3572 eam
1244 3506 1284 3572 ob
1307 3529 1438 3572 causam

276 3610 394 3697 evenit,
417 3609 505 3696 quod
524 3610 560 3674 in
582 3631 665 3696 quaa
688 3611 824 3697 quisque
845 3609 976 3674 fortuito
998 3609 1113 3674 incidit
1135 3620 1166 3673 et
1187 3630 1248 3695 pro
1264 3629 1361 3673 sensu
1376 3607 1439 3673 sibi

274 3874 334 3911 nun
350 3857 406 3914 inv.
424 3874 476 3927 pro
495 3856 572 3912 uncis
589 3857 698 3926 positae
717 3859 796 3927 sunt;
811 3855 858 3912 Dt.
877 3861 901 3924 6,
919 3863 935 3912 4
954 3860 986 3912 ut
1003 3857 1092 3912 Exodi
1108 3856 1182 3921 looo;
1200 3853 1274 3908 Hiob
1287 3859 1327 3922 38,
1348 3861 1386 3909 13.
1407 3860 1438 3910 15

274 3944 392 4012 propter
408 3941 594 4012 posteriorum
614 3942 790 3998 omissionem
807 3942 907 3998 literae
925 3957 952 4008 η
982 3943 1093 4007 Kour,
1115 3947 1140 3998 1:
1164 3939 1209 3994 hio
1228 3941 1270 3994 est
1287 3939 1371 4004 locus,
1390 3937 1440 4011 qui
1471 3981 1474 3990 .

275 4026 382 4096 duplici
399 4029 444 4080 ain
461 4026 581 4096 insignis
599 4029 653 4092 est;
673 4033 710 4093 12,
728 4032 770 4082 14:
788 4027 835 4082 hic
852 4031 895 4098 sp'c
912 4027 1063 4084 memoriae
1080 4026 1150 4079 bene
1168 4023 1370 4094 imprimendos
1388 4027 1438 4078 est.

344 4114 368 4181 1)
389 4111 431 4168 De
452 4126 479 4184 tn
509 4111 581 4166 Hiob
609 4115 654 4176 38,
674 4118 700 4176 1;
732 4118 772 4178 40,
792 4118 807 4166 6
824 4113 935 4168 variant
956 4112 1030 4166 libri.
1060 4142 1094 4151 —
1124 4113 1149 4179 2)
1170 4109 1274 4164 Contra
1292 4109 1389 4164 Ranke
1407 4110 1438 4163 et

274 4194 343 4262 Del,
363 4196 430 4266 quia
448 4197 500 4252 Gn.
518 4201 541 4262 2,
560 4197 595 4251 rb
612 4198 647 4252 ad
666 4198 869 4267 praecedentia,
888 4201 918 4254 et
935 4201 1032 4252 contra
1043 4196 1137 4260 Kurtz,
1156 4193 1224 4262 qnia
1242 4200 1264 4260 2,
1283 4202 1324 4258 4a,
1342 4194 1377 4246 ad
1396 4209 1439 4247 se-

275 4280 393 4349 quentia
409 4281 552 4351 pertinere
569 4282 703 4358 iudicant,
722 4282 835 4352 scripsit
852 4301 879 4351 p.
900 4288 930 4338 14
953 4285 1033 4339 Anm.
