3232 5042
640 355 848 418 ..33..

161 525 335 602 sumptum,
360 539 422 602 quo
444 515 507 580 hac
528 537 610 580 voce
632 517 837 600 universalis,
859 515 1046 602 rhythmica
1067 515 1220 602 loquendi
1241 519 1324 582 ratio

160 616 372 702 significatur.
418 615 483 682 Sed
505 617 671 680 variarum
690 617 858 701 regionum
881 615 1010 680 incolae
1031 625 1062 680 et
1084 618 1139 703 qui
1159 618 1324 682 variarum

160 723 304 780 aetatum
325 725 424 781 testes
446 718 597 781 viventes
610 738 711 802 supra
732 739 752 780 a
773 717 868 781 nobis
892 715 1051 803 appellati
1073 725 1147 781 sunt
1169 719 1266 782 ctiam
1289 739 1325 782 eo

161 824 411 901 cognoscuntur,
424 816 510 904 quod
526 839 654 904 semper
672 817 832 881 vocabula
849 817 1010 902 quaedam
1020 817 1054 880 in
1071 815 1194 882 deliciis
1206 817 1327 882 habent

162 923 194 980 et
218 915 370 982 flexionis
393 915 552 1003 quasdam
580 915 703 980 formas
725 917 925 1002 praeferunt,
948 938 1009 980 nec
1029 917 1087 980 vix
1110 919 1217 981 minus
1240 924 1327 980 certe

109 1023 111 1026 ’
162 1039 199 1082 eo
224 1015 309 1102 quod
325 1016 393 1080 fere
409 1017 518 1080 omnia
533 1017 699 1081 enuntiata
717 1016 769 1081 vel
788 1018 1015 1082 coniunctione
1036 1017 1111 1094 ‚,et“
1134 1025 1327 1082 connectunt
1440 1022 1441 1026 ’

160 1115 215 1180 vel
225 1108 409 1192 ἅσυνδέτως
425 1125 621 1182 coacervant
631 1125 663 1181 et
677 1117 951 1182 coordinationem
964 1117 1223 1182 subordinationi
1234 1141 1326 1204 prae-

160 1217 247 1280 ferre
269 1215 381 1280 solent.
429 1215 517 1296 Quae
545 1239 616 1280 cum
638 1218 684 1281 ita
706 1219 785 1298 sint,
813 1219 884 1304 quis
905 1227 992 1282 recte
1015 1216 1228 1298 dubitaverit,
1250 1219 1327 1304 quin

116 1331 119 1337 '
162 1317 262 1380 etiam
284 1317 458 1401 scriptores
481 1315 889 1399 saeculorumliamdudum
904 1317 1152 1403 praeteritorum
1174 1316 1226 1382 his
1241 1318 1327 1382 notis

161 1413 239 1500 pbil.
274 1413 423 1500 dignosci
455 1413 605 1499 possint?
656 1413 709 1477 An
746 1437 809 1480 non
843 1414 925 1478 haec
958 1416 1131 1493 sententia,
1162 1423 1326 1480 auctorem

162 1514 280 1578 aetatis
308 1536 385 1578 suae
412 1513 565 1600 loquendi
592 1537 686 1577 usum
715 1515 851 1604 imitari,
875 1537 895 1578 a
915 1513 1115 1580 Delitzschic
1139 1537 1176 1580 eo
1198 1515 1328 1580 defendi

162 1615 275 1700 potuit,
298 1612 386 1698 quod
400 1613 502 1678 multa
519 1613 660 1698 collegit,
681 1614 715 1677 in
731 1613 846 1700 quibus
870 1637 974 1679 sermo
989 1614 1083 1679 Pauli
1099 1614 1239 1701 apostoli
1253 1637 1327 1680 cum

160 1713 375 1777 rabbinorum
398 1713 581 1800 aequalium
605 1713 822 1790 consentit?¹)

247 1855 275 1910 2.
304 1845 418 1926 Quod
448 1846 495 1910 ad
523 1846 701 1931 singulas
729 1849 914 1911 materiei
942 1857 1075 1933 partes
1098 1851 1249 1913 attinet.
1292 1848 1328 1914 Si

163 1955 251 2010 recte
272 1945 370 2010 modo
393 1947 591 2028 censuimus,
614 1947 805 2010 testimoniis
827 1947 961 2032 proprie
982 1945 1179 2032 lingualibus
1201 1946 1324 2012 idcirco

162 2049 231 2108 vim
253 2046 370 2128 inesse,
393 2047 471 2132 quia
492 2067 627 2130 corpore
646 2045 792 2128 eduntur,
816 2045 977 2131 corporali
999 2047 1179 2111 imitatione
1201 2047 1327 2111 discun-

162 2154 230 2210 tur:
252 2145 377 2230 gradu
399 2137 553 2231 ponderis
572 2145 661 2236 aliud
678 2145 808 2230 linguae
829 2147 1050 2211 testimonium
1072 2146 1128 2209 alii
1150 2146 1327 2232 praecellit,

166 2267 230 2328 quo
251 2245 356 2328 magis
378 2246 526 2309 minusve
548 2245 691 2330 perfecte
713 2267 731 2309 e
753 2245 899 2331 corporis
921 2247 1048 2309 actione
1068 2245 1197 2331 pendet.
1208 2248 1232 2322 2)

250 2381 281 2456 a)
303 2375 437 2452 Indicia,
460 2399 543 2463 quae
560 2399 577 2440 e
592 2376 721 2440 lexico
738 2375 980 2463 depromuntur,
995 2375 1117 2463 duplici
1132 2387 1225 2464 parte
1244 2363 1328 2445 com·

165 2477 274 2562 posita
293 2484 377 2559 sunt,
401 2497 536 2562 quarum
550 2473 654 2560 altera
666 2496 746 2558 rem,
762 2474 865 2539 altera
879 2475 1018 2540 formam
1032 2485 1167 2562 spectat.
1206 2478 1330 2558 Quam-

165 2597 261 2662 quam
286 2599 327 2639 ne
348 2573 405 2639 illa
427 2574 558 2662 quidem
572 2575 593 2638 i.
616 2574 762 2657 e‘radix,
785 2575 871 2640 unde
891 2597 957 2640 vox
972 2577 1238 2662 progerminavit,
1255 2601 1329 2644 con·

165 2675 249 2739 sulto
272 2675 315 2738 ad
336 2675 499 2739 notionem
522 2673 768 2760 exprimendam
789 2674 934 2759 eligitur,
961 2675 1046 2738 idem
1074 2685 1182 2740 tamen
1213 2700 1329 2742 caecus

165 2773 297 2860 linguae
325 2775 465 2860 impetus
496 2773 632 2838 eandem
658 2797 831 2860 personam
859 2797 989 2838 movere
1011 2783 1154 2861 poterat,
1177 2786 1213 2842 ut
1233 2778 1330 2842 aliam

166 2895 295 2960 quoque
316 2873 460 2936 radicem
484 2871 527 2936 ad
548 2873 683 2937 eandem
705 2874 869 2937 notionem
885 2872 1124 2959 depingendam
1151 2876 1328 2942 adhiberet.

164 2973 248 3036 Nam
271 2996 334 3037 non
358 2972 460 3036 solum
475 2995 505 3058 p.
529 2977 567 3038 16
587 2973 809 3058 cognovimus,
832 2971 873 3036 ad
892 2971 1023 3037 easdem
1038 2975 1185 3040 notiones
1209 2975 1330 3040 descri-

166 3071 291 3135 bendas
318 3071 429 3134 varias
456 3071 616 3154 imagines
643 3069 808 3153 adhiberi,
834 3071 891 3134 sed
918 3073 1014 3135 etiam
1042 3095 1072 3158 p.
1098 3076 1138 3138 32
1164 3072 1329 3138 hominum

165 3193 218 3234 res
240 3193 321 3258 quas
344 3170 461 3234 animis
475 3169 610 3234 volvunt
632 3178 663 3234 et
683 3169 796 3234 modos
812 3171 928 3257 quibus
943 3169 1077 3235 volvunt
1092 3194 1157 3235 non
1177 3173 1224 3236 ita
1246 3173 1331 3236 diffi-

165 3269 268 3334 culter
287 3271 407 3334 mutari
428 3292 534 3355 posse.
578 3268 660 3348 Quis
682 3269 792 3353 igitur,
817 3273 843 3332 si
866 3270 978 3333 eadem
995 3271 1147 3354 cogitatio
1169 3293 1254 3344 nunc
1268 3271 1331 3335 hac

164 3392 250 3434 nunc
271 3369 329 3434 illa
344 3369 554 3434 translatione
570 3369 784 3455 (metaphora)
800 3368 990 3450 delineatur,
1007 3379 1092 3434 certo
1108 3371 1330 3456 affirmaverit,

166 3468 207 3533 ab
231 3468 387 3533 eademne
417 3491 558 3555 persona
586 3476 758 3554 usurpatae
786 3470 850 3532 sint
878 3490 919 3531 an
942 3490 961 3531 a
988 3468 1159 3554 pluribus?
1206 3469 1330 3558 Itaque,

166 3568 243 3655 quia
264 3567 460 3632 indiciorum
483 3589 524 3631 ex
546 3566 651 3630 lexico
675 3565 916 3653 desumptorum
938 3565 1041 3630 altera
1061 3589 1139 3653 pars
1161 3570 1225 3646 (res
1248 3571 1331 3656 ipse,

166 3667 266 3750 notio)
289 3675 427 3731 mentem
451 3665 553 3730 solam
575 3665 698 3752 implet,
722 3689 830 3730 eorum
855 3665 982 3752 pondus
998 3674 1091 3752 parte
1113 3665 1249 3732 dimidia
1270 3669 1331 3733 ele·

165 3775 271 3833 vatur.
317 3767 398 3832 Cum
421 3777 530 3831 autem
552 3765 679 3830 ostendi
701 3768 814 3852 possit,
838 3767 953 3829 mentis
976 3773 1168 3851 potestatem
1191 3767 1283 3832 ideas
1302 3781 1333 3832 et

165 3867 326 3950 imagines
342 3863 489 3929 mutandi
505 3863 712 3928 cohaerentia
733 3865 900 3928 notionum
915 3871 947 3928 et
969 3865 1179 3928 continuitate
1201 3874 1331 3930 actuum

167 3963 469 4051 psycbologicorum
499 3963 655 4028 coerceri:
685 3963 887 4048 singularum
914 3985 1028 4028 vocum
1053 3972 1084 4027 et
1106 3966 1211 4050 magis
1234 3967 1333 4030 etiam

235 4214 260 4282 1)
279 4211 412 4284 Inpraef.
430 4209 610 4266 translationi
627 4209 705 4265 hebr.
723 4225 767 4280 ep.
785 4210 822 4263 ad
834 4209 914 4264 Rom.
932 4210 1016 4263 datae
1033 4207 1186 4278 praemissa
1202 4228 1230 4280 p.
1242 4216 1272 4266 12
1284 4229 1333 4278 ss.;

169 4296 202 4350 cf.
220 4314 247 4366 p.
266 4300 298 4350 re
317 4295 353 4349 ad
371 4300 393 4361 a,
414 4301 452 4350 19.
470 4327 504 4336 -
522 4295 548 4365 2)
566 4293 657 4350 Klein.
675 4312 703 4364 p.
722 4298 780 4349 isa.

1104 4382 1118 4432 3
