3232 5042
655 353 860 414 ..432

176 532 279 594 nare,
311 519 449 578 aetatem
481 521 589 578 autem
618 521 677 582 500
707 514 801 592 annis
829 513 959 579 distare.
1005 513 1112 592 Quare
1139 521 1249 579 nostro
1270 513 1340 576 iure
1424 523 1427 526 '

93 637 95 646 s
178 633 356 694 censemus,
369 610 437 676 hbr.
449 611 595 697 linguam
613 612 763 677 omnino
780 609 956 675 minoribus
972 618 1003 675 et
1017 610 1207 675 lentioribus
1222 611 1340 696 gressi·

177 710 239 774 bus
272 711 313 775 ab
343 734 405 775 uno
435 718 521 776 statu
549 711 590 775 ad
623 709 759 775 alterum
792 717 978 796 provectam
1010 731 1095 792 esse,
1135 732 1211 794 ergo
1243 712 1340 774 etiam

177 811 279 876 Mosis
300 811 405 896 ipsius
427 809 572 895 linguam
594 834 614 874 a
630 811 801 897 posteriori
820 811 945 874 nonita
961 809 1095 874 multum
1112 809 1339 895 discrepuisse‚

178 933 256 996 ergo
278 911 383 974 minus
406 933 426 974 a
448 909 729 974 verisimilitudine
751 909 936 992 abhorrere,
951 909 1064 975 Pento.
1080 911 1177 974 etiam
1194 908 1341 974 Mosaica

177 1011 292 1076 inesse.
302 1010 492 1074 —Eosdem
508 1017 614 1075 autem
632 1031 763 1076 causam
779 1011 846 1075 eius
862 1011 910 1074 rei
923 1011 957 1074 in
972 1032 1009 1076 eo
1026 1011 1234 1096 quaesivisse,
1254 1009 1341 1097 quod

177 1110 346 1175 Israelitae
368 1133 388 1173 a
410 1112 564 1176 societate
586 1119 618 1176 et
638 1111 832 1176 commercio
854 1109 990 1174 aliarum
1006 1111 1148 1195 gentium
1165 1109 1341 1175 abalienati

179 1211 308 1292 fuerint,
330 1209 506 1296 permirum
529 1218 587 1275 est.
630 1211 675 1274 Et
703 1233 786 1297 quae
808 1233 849 1282 ex
873 1210 946 1296 Syr.
969 1217 1001 1274 et
1021 1210 1121 1274 Arab.
1142 1209 1273 1296 linguae
1294 1209 1341 1274 hi-

180 1311 282 1375 storia
303 1308 478 1374 identidem
502 1307 695 1392 attulerunt,
719 1311 839 1396 partim
861 1308 982 1385 aliena,
1005 1331 1076 1373 cum
1101 1308 1173 1394 Syr.
1197 1309 1341 1372 virorum

180 1409 348 1474 doctorum
369 1406 481 1493 lingua
501 1407 589 1472 facta
611 1416 705 1491 esset,
729 1409 850 1496 partim
871 1430 935 1472 non
956 1407 1035 1472 satis
1050 1407 1240 1472 confirmata
1259 1413 1342 1490 sunt,

180 1531 254 1574 cum
270 1508 430 1573 recentior
451 1505 645 1573 Arabismus
667 1505 709 1572 ab
732 1509 864 1595 antiquo
886 1529 1085 1594 magnopere
1108 1506 1280 1594 discrepet.

262 1643 296 1728 g)
318 1642 470 1730 Denique
492 1641 604 1729 quaeri
623 1650 741 1728 potest,
764 1665 838 1706 num
862 1641 972 1724 lingua
994 1639 1037 1705 ad
1059 1642 1151 1728 prius
1172 1641 1260 1704 vitae
1279 1647 1342 1704 sta-

181 1743 270 1808 dium
298 1765 357 1808 sua
384 1748 499 1829 sponte
527 1740 784 1827 retrogrediatur
812 1765 837 1809 s.
863 1765 940 1806 num
966 1763 1065 1805 voces
1092 1748 1123 1806 et
1151 1741 1275 1806 formae
1301 1762 1343 1803 ex

180 1843 263 1908 mari
285 1841 467 1924 oblivionis,
488 1844 522 1906 in
544 1842 631 1929 quod
647 1843 818 1908 immersae
837 1844 910 1924 sint,
930 1841 1014 1906 ultro
1029 1864 1141 1905 rursus
1156 1839 1342 1915 ascendant.

181 1941 326 2008 Annales
352 1941 537 2026 linguarum
563 1940 774 2028 respondent,
803 1964 898 2006 voces
931 1940 1058 2028 quidem
1089 1939 1210 2022 redire,
1240 1961 1344 2026 neque

182 2049 289 2106 autem
321 2041 442 2106 eisdem
464 2041 579 2106 formis
601 2040 741 2105 indutas.
779 2039 983 2126 Quamquam
1007 2039 1090 2103 enim
1108 2037 1240 2102 eaedem
1254 2036 1343 2120 leges

182 2149 214 2206 et
235 2143 322 2206 vires
350 2164 478 2228 semper
499 2147 683 2227 operantur,
706 2139 770 2205 alia
792 2148 899 2204 tamen
923 2139 1158 2227 producuntur,
1181 2139 1275 2225 quia
1296 2137 1344 2201 iis

182 2263 279 2306 nova
302 2262 454 2326 semper
476 2239 642 2304 materia
665 2239 987 2304 transformatur.
1003 2273 1045 2283 -
1061 2235 1161 2300 Aliud
1184 2236 1343 2300 estintcr·

182 2363 313 2426 rogare,
347 2348 454 2405 utrum
483 2338 686 2419 discrimina,
713 2344 796 2424 quae
825 2336 950 2402 duabus
978 2337 1091 2400 formis
1114 2333 1153 2398 cf.
1180 2335 1221 2398 in
1249 2343 1280 2396 et
1301 2334 1344 2416 ὃν,

183 2441 395 2522 intercedunt,
423 2441 513 2526 prius
540 2460 733 2503 evanescere
761 2445 792 2502 et
825 2436 941 2502 deinde
965 2433 1181 2519 redintegrari
1210 2434 1345 2519 possint,

131 2605 133 2610 .
184 2564 226 2605 an
248 2547 352 2605 status
373 2538 513 2623 linguae,
536 2561 599 2625 quo
622 2539 705 2603 duae
725 2540 848 2604 formae
869 2538 956 2601 inter'
977 2559 1011 2600 se
1033 2537 1218 2616 miscentur,
1236 2535 1346 2619 utique

183 2639 314 2703 ultimus
343 2640 392 2703 sit.
434 2638 499 2702 Per
528 2661 562 2702 se
585 2645 765 2724 spectatum
788 2638 884 2701 etiam
907 2634 987 2699 illud
1010 2635 1139 2699 evenire
1161 2655 1266 2720 posse,
1291 2655 1346 2696 ne·

184 2740 257 2826 gari
283 2761 346 2804 non
372 2737 464 2815 licet;
501 2739 534 2801 in
560 2737 625 2802 illis
657 2745 764 2802 autem
794 2737 876 2822 ipsis
905 2733 1029 2800 voculis
1056 2733 1091 2798 id
1113 2734 1261 2798 evenisse
1282 2755 1346 2797 non

184 2837 315 2903 videtur
328 2839 359 2917 ¹).

268 2978 297 3040 2.
335 2969 516 3038 Secunda
551 2968 817 3035 obiectionum
849 2968 994 3034 classis
1025 2967 1139 3034 animi
1170 2965 1348 3051 scripto·

187 3096 268 3138 rum
303 3073 414 3142 vitam
444 3093 469 3134 s.
496 3067 832 3156 psychologicam
869 3066 1035 3132 hominis
1068 3072 1252 3128 naturam
1286 3086 1350 3128 re·

187 3172 316 3259 spicit.

271 3309 303 3386 a)
331 3303 368 3369 Si
392 3301 478 3368 ullae
502 3302 677 3367 varietates
708 3300 772 3364 iam
795 3300 938 3375 fuerunt,
964 3295 1071 3362 nonne
1096 3297 1191 3360 homo
1212 3293 1264 3359 vel
1284 3293 1350 3358 illis

188 3403 336 3470 omnibus
359 3402 455 3467 simul
477 3403 523 3468 uti
546 3401 597 3466 vel
620 3399 732 3465 saltem
751 3397 848 3463 modo
870 3397 954 3462 hano
968 3396 1065 3462 modo
1078 3395 1168 3460 illam
1184 3394 1350 3482 praeferre

188 3503 323 3592 potuit‘l'
346 3503 430 3566 Nam
453 3504 481 3566 si
503 3503 611 3566 anima
632 3499 772 3565 hominis
793 3498 827 3561 in
849 3497 1036 3560 universum
1058 3495 1163 3560 libera
1178 3515 1249 3557 esse
1264 3499 1352 3556 recte

192 3601 357 3680 dicitur2),
378 3623 485 3666 nonne
506 3623 597 3664 mens
620 3599 789 3685 scriptoris
812 3619 947 3684 prorsus
969 3595 1069 3660 libere
1092 3595 1250 3658 rationem
1274 3591 1351 3655 scri-

191 3702 289 3766 bendi
314 3709 441 3765 mutare
473 3697 598 3786 potest?
636 3697 743 3784 Atque
773 3697 854 3760 haec
879 3695 1017 3760 obiectio
1048 3693 1148 3777 digna
1176 3699 1239 3774 est,
1269 3712 1353 3775 quae

190 3800 363 3886 tripliciter
384 3806 548 3864 tractetur.

260 4052 284 4114 1)
304 4049 337 4103 uf.
361 4048 424 4102 Jud.
443 4051 483 4112 20,
508 4049 547 4100 29.
572 4050 616 4109 363
648 4049 657 4098 1
685 4043 740 4098 Sm.
761 4048 782 4106 1,
801 4045 830 4106 93
857 4046 897 4105 25,
923 4045 1024 4103 17.2o;
1055 4043 1069 4092 2
1095 4037 1194 4092 Chron.
1217 4040 1303 4102 sol.
1321 4067 1355 4076 -

192 4139 217 4200 2)
237 4133 304 4202 quia
322 4129 537 4187 conscientia
554 4127 665 4182 arbitrii
685 4127 748 4198 ipsa
770 4128 800 4180 et
817 4125 860 4180 vis
887 4122 1031 4178 annuendi
1049 4119 1254 4188 resistendique
1272 4135 1306 4175 ex
1324 4136 1357 4174 sa

191 4217 330 4288 profluens
348 4215 422 4274 inter
439 4214 589 4272 facultates
607 4212 693 4270 animi
710 4210 857 4270 referenda
877 4207 952 4266 etad
964 4205 1022 4266 eius
1040 4204 1163 4268 actiones
1176 4202 1355 4281 explicandas

191 4299 352 4364 adhibenda
369 4301 420 4358 ess.
