3232 5042
632 359 838 422 ..35-

153 522 277 584 scitur?
320 519 387 586 Our
414 539 467 581 res
497 519 543 583 ita
567 540 601 582 se
623 519 755 602 habeat,
778 518 854 582 inde
876 517 1033 604 explicari
1057 541 1152 605 posse
1173 518 1313 602 videtur,

152 618 241 706 quod
261 619 450 682 universum
472 619 629 682 orationis
651 640 753 703 genus
776 640 816 681 ex
839 624 886 683 tot
914 625 946 682 et
971 625 1036 682 tam
1064 619 1214 701 internis,
1240 641 1314 705 pro·

152 717 262 782 fundis
298 718 398 782 animi
426 716 565 781 motibus
600 719 758 800 nascitur,
790 725 826 781 ut
851 716 1059 782 multifariam
1091 741 1163 782 curn
1191 719 1313 803 ingenii

152 816 330 898 radicibus
353 827 388 881 ut
410 818 457 882 ita
475 817 590 895 dicam,
613 817 793 882 cohaereat.
822 815 866 880 Et
890 839 1094 904 quamquam,
1117 817 1234 905 quibus
1251 819 1314 881 sin-

152 914 237 1000 gulis
260 916 409 1001 partibus
431 939 469 981 ea
493 939 545 982 res
566 917 726 981 efficiatur
749 924 780 980 et
802 916 918 1002 quibus
940 938 981 980 ex
1001 916 1141 981 fontibus
1163 914 1313 1002 profluat,

153 1015 378 1100 explorantes,
402 1037 516 1102 saepe,
538 1018 616 1081 satis
638 1015 718 1080 lucis
742 1013 863 1080 effundi
886 1005 1239 1102 posse,'desperamus=
1258 1031 1314 1079 'res

118 1168 120 1173 .
152 1121 262 1177 tamen
291 1115 365 1200 ipsa
395 1137 498 1202 neque
526 1115 612 1202 quod
648 1118 764 1180 attinet
800 1114 843 1178 ad
870 1113 1093 1178 certitudinem
1121 1113 1315 1179 obscuratur

151 1235 255 1300 neque
277 1212 362 1300 quod
385 1217 499 1280 attinet
520 1214 563 1279 ad
584 1217 650 1279 vim
672 1213 869 1279 debilitatur.
883 1214 906 1296 ¹)

236 1381 266 1463 c)
287 1380 392 1462 Patet,
414 1389 560 1446 notarum
583 1381 661 1468 phil.
684 1383 749 1446 vim
773 1404 837 1446 non
860 1379 962 1446 solum
978 1389 1151 1467 propterea
1174 1377 1314 1462 differre,

153 1479 239 1566 quod
262 1480 345 1544 aliae
359 1479 490 1566 linguae
506 1489 615 1567 partes
639 1481 712 1546 aliis
735 1483 840 1566 magis
856 1480 908 1546 vel
931 1503 1002 1545 cum
1026 1501 1160 1566 corpore
1174 1477 1227 1543 vel
1243 1500 1315 1542 cum

153 1580 261 1644 animo
277 1589 529 1664 concreverant,
559 1580 617 1645 sed
644 1582 739 1646 etiam
763 1580 849 1668 quod
874 1580 959 1646 aliae
983 1579 1220 1666 discrepantiae
1243 1577 1316 1642 aliis

152 1679 257 1763 magis
280 1701 300 1742 a
325 1677 530 1764 regularibus
559 1693 591 1744 et
621 1679 812 1766 vulgaribus
843 1679 1006 1745 recedunt.
1058 1677 1103 1743 Ut
1132 1676 1316 1741 testimonia

152 1776 231 1862 phil.
254 1777 430 1842 secundum
452 1777 536 1843 hanc
551 1789 659 1844 notam
675 1779 924 1864 distinguamus,
947 1777 988 1842 ab
1006 1779 1046 1841 iis
1062 1773 1215 1860 ordimur,
1233 1797 1316 1860 quae

153 1897 195 1938 ex
220 1874 285 1940 alia
304 1875 487 1961 linguarum
505 1877 606 1963 stirpe
621 1877 796 1955 (hamitica,
818 1876 1008 1964 indogerm.)
1031 1884 1102 1942 orta
1125 1887 1206 1957 sunt,
1227 1875 1315 1942 etad

154 1996 193 2038 ea
215 1975 450 2062 progredimur,
472 1999 555 2064 quae
577 1976 619 2041 ab
642 1977 785 2042 ciusdem
811 1979 920 2064 stirpis
943 1978 1108 2042 semiticae
1133 1998 1224 2042 ramo
1252 1977 1317 2041 ori·
1355 1975 1360 1984 ’

153 2078 261 2161 gincm
284 2076 414 2141 ducunt.
457 2075 553 2160 Quia,
576 2077 765 2164 priusquam
788 2099 827 2142 ea
849 2085 986 2164 utraque
1007 2078 1147 2162 vestigia
1172 2076 1215 2142 ad
1241 2075 1316 2142 libri

153 2175 292 2240 alicuius
318 2182 456 2240 aetatem
485 2175 701 2248 deliniendam
728 2175 877 2242 adhiberi
899 2178 1035 2263 possint,
1063 2177 1160 2240 statui
1184 2197 1317 2240 necesse

154 2282 213 2356 est,
236 2296 299 2360 quo
322 2284 468 2360 tempore
490 2277 563 2360 ipsa
583 2277 788 2362 irrepserint:
822 2298 862 2340 ne
888 2298 927 2340 ea
954 2275 1083 2363 quidem
1114 2273 1317 2353 indubitatae

158 2375 363 2440 auctoritatis
386 2383 469 2458 sunt,
492 2376 569 2462 quia
589 2377 753 2440 rarissime
775 2398 909 2462 prorsus
939 2374 982 2440 ad
1002 2374 1158 2462 liquidum
1181 2367 1318 2461 perduci

156 2529 365 2540 -——-—-.-—·-

226 2627 252 2692 1)
269 2622 423 2678 Multarum
446 2625 595 2693 syntaxeos
620 2624 649 2680 et
670 2623 823 2679 rhetorices
844 2623 1027 2688 varietatum,
1050 2638 1120 2692 quas
1138 2639 1222 2693 supra
1239 2640 1267 2692 p.
1286 2628 1318 2678 22

156 2707 388 2772 enumeravimus,
407 2709 441 2762 de
459 2706 610 2773 nonnullis,
636 2725 753 2777 quarum
771 2708 934 2764 iamdudum
961 2708 1052 2763 critici
1072 2707 1212 2764 rationem
1232 2707 1318 2763 duxe-

156 2795 231 2858 runt,
249 2809 341 2862 pauca
358 2793 502 2848 addamus.
527 2796 553 2864 1)
566 2793 619 2848 Die
637 2794 733 2848 ordine
751 2794 892 2850 interdum
904 2793 1027 2856 turbato,
1046 2791 1080 2846 cf.
1095 2792 1165 2848 Oler.
1178 2811 1205 2862 p.
1218 2789 1318 2856 XXXI,

156 2878 209 2932 ccl.
226 2895 255 2943 a;
278 2878 310 2931 ll.
330 2877 394 2932 Sim.
418 2895 445 2946 p.
464 2883 504 2932 35.
540 2882 566 2947 2)
589 2877 790 2948 Repetitiones,
814 2878 971 2947 dequibus
993 2878 1050 2932 iam
1070 2876 1135 2931 vide
1157 2877 1189 2929 R.
1207 2875 1273 2930 sim.
1291 2893 1319 2943 p.

156 2967 266 3026 33-35,
289 2979 345 3016 non
363 2962 398 3016 ad
415 2960 554 3032 lingualia
575 2961 679 3018 indicia
696 2963 852 3032 pertinent,
873 2962 927 3018 nisi
954 2961 988 3016 iis
1005 2978 1119 3036 prorsus
1138 2961 1235 3016 eadem
1254 2976 1319 3014 con·

155 3046 241 3101 tineri
260 3048 378 3101 constat.
413 3047 461 3102 Sin
479 3049 574 3102 autem
597 3063 637 3102 ex.
656 3065 698 3118 gr.
717 3048 768 3102 Gn.
789 3053 828 3112 21,
847 3048 907 3103 arb.
925 3052 956 3102 32
975 3045 1205 3109 consideraveris,
1227 3059 1320 3098 nonne

155 3130 300 3196 iudicabis,
319 3130 469 3186 difficulter
486 3129 565 3185 illam
585 3129 848 3201 recapitulationem
870 3132 906 3187 ab
923 3147 979 3185 uno
996 3131 1120 3195 auctore,
1143 3129 1252 3185 facilius
1274 3129 1319 3183 vel

156 3231 174 3269 a
195 3213 280 3286 primi
301 3215 387 3270 fontis
410 3215 573 3285 suppletore
599 3215 644 3270 vel
667 3233 684 3270 a
705 3215 826 3269 fontium
855 3215 1038 3286 compilatore
1066 3211 1221 3284 profectam
1240 3215 1319 3270 esse?

157 3302 183 3370 3)
202 3301 235 3354 In
253 3301 327 3354 tota
345 3299 485 3355 scribendi
502 3300 612 3355 ratione
630 3300 824 3370 cognoscenda
842 3301 872 3355 et
890 3299 1066 3355 aestimanda
1082 3297 1167 3368 primi
1183 3298 1236 3369 hjs.
1249 3299 1319 3370 argi.

156 3383 271 3454 patroni
289 3384 392 3438 mirum
409 3387 546 3452 quantum
567 3383 601 3438 iis
619 3383 669 3452 qui
686 3383 775 3438 secuti
793 3385 859 3438 sunt
883 3383 1101 3454 praestitorum
1124 3382 1158 3438 cf.
1176 3383 1273 3438 Eichn
1290 3403 1318 3454 p.

157 3474 188 3523 57
208 3487 229 3523 s.
248 3474 280 3524 60
298 3486 345 3533 ss.;
363 3485 432 3538 prae
451 3468 549 3525 ceteris
566 3468 670 3538 Ilgenii
686 3468 773 3524 verba
789 3487 816 3538 p.
836 3473 884 3524 386
903 3467 991 3537 digna
1008 3469 1082 3534 sunt,
1101 3484 1173 3537 quae
1190 3468 1220 3522 in
1237 3485 1319 3523 mem.

156 3555 335 3617 revocantes,
358 3569 384 3622 p.
404 3557 528 3610 390-92.
565 3552 700 3620 Equidem
718 3553 787 3608 haec
808 3553 893 3607 addo:
916 3553 987 3608 Sanc
1005 3569 1116 3609 necesse
1135 3554 1188 3618 est,
1217 3569 1320 3608 sermo-

157 3655 222 3693 nem
250 3635 394 3706 scriptoris
416 3635 521 3691 cuiusd.
547 3635 577 3690 in
595 3640 690 3706 partes
711 3654 775 3692 suas
802 3635 939 3707 separari,
970 3637 1097 3692 sednon
1121 3637 1225 3702 minus,
1256 3655 1319 3692 eum

156 3723 256 3791 postea
276 3739 383 3785 rursus,
407 3713 487 3789 quasi
509 3739 594 3774 unum
618 3738 718 3790 corpus
741 3721 790 3786 sit,
814 3720 991 3776 considerari.
1026 3721 1107 3787 Nam,
1126 3738 1189 3776 cum
1206 3719 1320 3794 singula

157 3807 319 3870 lustramus,
340 3804 397 3858 vim
415 3806 444 3860 et
462 3805 610 3860 essentiam
627 3805 657 3859 in
674 3806 708 3859 iis
727 3805 867 3861 viventem
880 3807 909 3861 et
926 3824 958 3861 ea
969 3806 1183 3862 concludentem
1196 3809 1319 3863 contem·

157 3891 230 3961 plari
248 3908 304 3945 non
321 3905 404 3960 posse
421 3888 554 3955 videmur,
574 3889 647 3944 sicut
664 3905 780 3959 corpore
792 3891 946 3945 dilacerato
964 3891 1063 3956 anima
1083 3889 1157 3944 sonis
1173 3890 1320 3947 disiunctis

157 3975 317 4046 rhythmus,
341 3974 408 4029 flore
430 3974 539 4030 divulso
564 3973 665 4028 coloris
682 3974 864 4044 pulchritudo
886 3977 915 4029 ct
938 3974 1031 4030 odoris
1053 3975 1177 4029 suavitas
1199 3976 1319 4046 aufugit

158 4059 263 4126 Quodsi
285 4059 455 4113 invenissem
474 4057 592 4129 singulis
616 4057 781 4123 observatis,
804 4058 899 4114 stilum
922 4058 1009 4125 Eloh,
1031 4058 1099 4128 quia
1119 4058 1240 4130 vestigia
1257 4077 1319 4130 pro-

158 4143 313 4215 prietatum
326 4142 387 4198 Jeh.
405 4142 530 4212 praebet,
548 4141 750 4198 mathematice
767 4143 802 4196 ab
814 4143 875 4197 Jeh.
893 4141 1032 4214 distingui
1048 4159 1104 4197 non
1116 4160 1205 4214 posse,
1224 4161 1320 4199 rursus

157 4230 334 4284 tamencum
352 4225 561 4297 distinguerem,
585 4225 608 4280 si
626 4244 660 4282 ex
683 4245 725 4298 gr.
748 4225 844 4298 capita
863 4231 901 4282 11.
921 4229 950 4282 et
967 4231 1007 4282 23.
1026 4228 1101 4282 tota
1120 4245 1183 4284 cum
1201 4244 1261 4299 cap.
1280 4233 1319 4284 18.

159 4315 189 4368 et
208 4317 247 4369 19.
266 4312 428 4368 centenam.
473 4309 477 4316 '

1075 4401 1110 4453 3*
