3232 5042
765 320 970 394 252..

164 477 167 484 ¹
281 513 351 559 esse
362 493 490 580 potest?
520 493 604 558 Nam
619 495 680 558 etsi
695 493 756 558 hoc
770 516 829 580 per
844 516 878 558 se
893 494 963 558 fieri
980 500 1098 579 potest3
1118 499 1263 559 attamen
1285 492 1338 574 (cf.
1354 517 1383 582 p.
1403 498 1444 562 50
1519 499 1521 510 '

281 595 321 658 de
341 597 583 682 perseverantia
607 597 641 660 in
669 595 837 675 variando)
869 597 895 658 si
925 594 1132 678 observatur,
1161 617 1235 659 eum
1266 598 1300 660 in
1329 595 1441 660 alteris

279 694 427 781 partibus
450 695 544 761 simul
566 717 639 759 cum
661 693 733 759 aliis
755 693 1011 780 proprietatibus
1034 716 1165 780 semper
1187 693 1253 777 illa,
1275 697 1309 759 in
1331 694 1442 762 alteris

280 818 407 882 semper
428 795 489 860 hac
511 796 736 880 coniugatione
765 817 857 858 usum
880 816 965 858 esse:
998 801 1065 858 tam
1095 817 1159 859 nou
1181 795 1357 860 verisimile
1384 803 1442 880 est,

282 903 317 960 ut
337 895 523 982 negandum
545 897 596 961 sit.
618 929 661 942 -
682 896 831 982 Denique
858 896 940 981 sip.
963 900 1001 961 21
1027 917 1050 960 s.
1074 899 1113 961 34
1141 903 1228 960 recte
1261 897 1446 983 expositum

283 1003 346 1080 est,
373 1004 605 1083 syntaxeos,
639 996 872 1079 rhetorices,
907 997 1078 1060 universae
1105 989 1446 1062 disserendirationis

283 1095 371 1180 leges
401 1119 465 1162 non
493 1097 595 1161 solum
626 1098 731 1161 minus
768 1119 809 1160 ex
840 1095 1040 1181 singulorum
1077 1103 1245 1161 auctorum
1275 1119 1373 1184 quam
1406 1120 1446 1162 ex

283 1195 414 1282 linguae
435 1199 565 1283 ingenio
582 1197 743 1283 profluere
761 1197 818 1261 sed
834 1199 930 1262 etiam
946 1196 1174 1261 consuetudine
1196 1198 1229 1260 in
1247 1199 1447 1262 uniuscuius-

284 1318 347 1382 que
368 1297 482 1385 animo
497 1297 736 1364 inveterascere
759 1304 791 1360 et
805 1295 1033 1364 obdurescere:
1056 1295 1258 1379 concedetur,
1281 1295 1316 1360 id
1335 1298 1447 1382 iugum

284 1419 304 1459 a
327 1397 484 1481 scriptore
506 1396 558 1460 vel
580 1418 746 1482 nunquam
768 1394 820 1460 vel
841 1418 922 1459 varo
950 1395 1059 1460 excuti
1080 1418 1186 1482 posse.
1231 1395 1338 1476 Quam
1360 1396 1444 1460 firmi

282 1496 363 1560 fines
386 1498 458 1581 sint,
478 1498 567 1561 intra
588 1519 669 1582 quos
695 1519 735 1561 ea
761 1497 950 1562 elocutionis
973 1496 1147 1581 elementa,
1176 1499 1235 1562 etsi
1261 1496 1358 1561 nullis
1378 1499 1447 1562 vin·

287 1595 368 1660 culis
391 1596 526 1682 alligata
548 1619 620 1661 esse
634 1596 795 1680 videntur,
819 1619 853 1660 se
874 1603 1004 1662 movent
1026 1604 1057 1662 et
1071 1599 1208 1681 variant,
1226 1619 1262 1661 re
1277 1597 1447 1683 diligenter

286 1695 460 1761 observata
481 1718 574 1760 nemo
596 1695 760 1760 infitietur.
805 1695 898 1775 Quae
923 1694 1055 1759 vincula
1075 1695 1129 1762 ycl
1154 1717 1219 1762 non
1238 1695 1291 1760 vel
1313 1719 1378 1760 non
1400 1697 1446 1760 ita

284 1795 380 1860 facilc
403 1795 572 1882 disrumpi,
601 1794 678 1858 inde
699 1796 903 1882 potissimum
933 1793 1045 1877 elucet,
1068 1793 1156 1881 quod
1182 1817 1293 1882 saepe,
1317 1795 1445 1882 quando

286 1894 369 1957 aliae
390 1893 489 1956 lexici
509 1891 562 1956 vel
584 1894 813 1976 grammatices
835 1893 1052 1980 proprietates
1074 1893 1203 1977 desunt,
1227 1915 1268 1960 ex
1290 1894 1445 1960 stilisticis

285 1995 370 2058 notis
393 2001 425 2057 ct
445 2001 515 2058 tota
537 1992 773 2058 dissertationis
794 1993 903 2058 indole
924 2003 1037 2060 auctor
1059 1996 1211 2079 cognosci
1232 2002 1348 2080 potest.

370 2161 451 2241 Quis
474 2184 572 2249 porro
595 2170 653 2244 est,
676 2163 753 2248 quin
774 2163 845 2249 ipse
868 2169 1022 2248 expertus
1046 2163 1100 2246 sit,
1124 2185 1159 2228 se
1180 2164 1221 2228 iis
1242 2165 1314 2248 regi
1336 2171 1368 2228 et
1388 2166 1444 2228 im-

192 2271 196 2278 “
285 2261 372 2348 pelli,
395 2285 479 2349 quae
501 2263 572 2348 ipse
594 2269 689 2326 antea
711 2261 763 2325 vel
792 2261 959 2348 scripserit
981 2259 1033 2326 vel
1053 2261 1184 2346 legerit,
1209 2270 1239 2326 et
1261 2261 1391 2349 quidem
1414 2263 1447 2329 vi

281 2384 318 2427 eo
341 2364 473 2444 maiore,
491 2383 554 2448 quo
576 2362 681 2446 magis
703 2360 779 2424 illae
800 2383 853 2426 res
875 2363 943 2426 cius
965 2361 1192 2427 interfuerint?
1227 2356 1337 2427 Oica
1353 2363 1393 2427 de
1410 2385 1446 2428 re
1505 2381 1510 2390 '

281 2461 397 2526 Riehm
421 2466 511 2544 1872,
533 2461 646 2547 Kays,
670 2459 805 2546 Curtiss,
830 2460 946 2545 Godet,
962 2461 1070 2530 Wold.
1088 2461 1281 2541 Schmidt.1)
1326 2462 1445 2542 Quam-

280 2562 391 2628 obrem
420 2584 484 2626 non
514 2563 582 2624 sine
610 2562 697 2625 omui
727 2562 796 2625 iure
829 2585 879 2627 ex.
912 2584 958 2646 gr.
981 2561 1158 2644 Schrader,
1190 2561 1307 2628 introd.
1330 2586 1362 2648 p.
1384 2569 1446 2631 293

282 2664 416 2744 censuit,
439 2661 634 2726 vocabulum
658 2679 745 2728 :utun
769 2661 810 2726 ab
832 2659 906 2728 Jha.
928 2663 1000 2727 Nm.
1023 2667 1063 2728 32
1085 2662 1139 2745 (cf.
1162 2685 1193 2748 p.
1215 2669 1267 2739 40)
1290 2685 1331 2726 ex
1353 2663 1446 2736 Elec,

283 2763 424 2828 dictione
454 2761 680 2848 depromptum
713 2783 794 2824 esse.
846 2763 936 2826 Intra
967 2763 1051 2826 enim
1085 2762 1229 2827 eiusdem
1258 2761 1334 2827 libri
1366 2763 1447 2828 fines

282 2870 527 2949 cooperatorem
543 2860 685 2944 aliquam
708 2860 839 2924 alterius
855 2884 968 2925 vocem
991 2869 1023 2926 et
1037 2859 1209 2926 formulam
1231 2862 1342 2926 facere
1360 2885 1446 2946 suas,

284 2962 543 3050 quandoquidem
560 2963 593 3025 in
609 2983 645 3025 eo
661 2961 727 3024 iam
742 2960 902 3046 leguntur,
918 2962 1022 3046 magis
1044 2969 1180 3026 naturae
1197 2969 1446 3026 consentaneum

283 3072 341 3146 est,
365 3084 460 3146 quam
484 3061 547 3126 alio
574 3062 608 3124 in
639 3060 723 3126 libro
752 3060 896 3146 singulas
918 3062 1039 3126 formas
1065 3063 1169 3147 repeti
1199 3061 1240 3126 ab
1269 3061 1385 3149 aliquo.
1406 3099 1447 3109 —

267 3162 426 3226 ¹Facilius
450 3163 547 3226 etiarn
570 3160 780 3246 concedetur,
809 3163 976 3248 scriptoris
1003 3159 1143 3225 liberum
1174 3169 1296 3228 motum
1322 3161 1447 3228 idcirco

281 3263 431 3345 coerceri,
455 3262 530 3344 quia
551 3285 622 3326 eum
645 3263 678 3325 in
700 3260 797 3326 finem
820 3262 948 3345 scribit,
977 3273 1016 3326 ut
1049 3260 1094 3325 ab
1118 3259 1211 3326 aliis
1235 3263 1358 3349 scripta
1388 3263 1447 3327 in.

279 3360 528 3446 telligantur.
564 3361 677 3448 Neque
699 3384 781 3447 opus
804 3369 861 3441 est,
884 3369 919 3425 ut
932 3361 965 3424 id
981 3361 1109 3446 longius
1133 3361 1335 3448 explanetur.
1366 3362 1448 3443 Quis

280 3463 365 3526 enim
388 3462 510 3526 formas
539 3459 637 3524 lexici
670 3469 726 3524 aut
755 3461 983 3544 grammatices
1007 3460 1183 3544 protrahat,
1211 3484 1295 3548 quae
1316 3461 1448 3547 linguae

280 3563 525 3648 peregrinorum
557 3559 609 3622 vel
641 3583 718 3624 suae
747 3559 852 3644 gentis
883 3560 1008 3646 periodi
1035 3559 1229 3646 iampridem
1252 3563 1448 3647 praeteritae

281 3660 379 3725 sunt?
417 3661 499 3740 Quis
521 3660 554 3722 in
578 3659 858 3724 enunciationibus
880 3659 1104 3724 construendis
1125 3683 1218 3724 usum
1240 3660 1447 3747 popularium

280 3783 412 3847 prorsus
442 3759 596 3847 spernat?
626 3796 666 3806 -
699 3759 774 3827 Alia
806 3759 920 3844 regula
947 3759 1023 3824 inde
1051 3759 1176 3825 hauriri
1205 3767 1333 3846 potest,
1363 3761 1448 3847 quod

282 3862 430 3947 scriptor,
453 3861 528 3944 quia
550 3860 675 3924 facile
697 3862 832 3947 quisque
853 3860 990 3945 intelligi
1011 3859 1095 3943 vult,
1119 3882 1174 3924 eas
1196 3861 1317 3926 formas
1341 3860 1446 3947 eliget,

349 4129 374 4192 1)
393 4125 503 4190 Riehm‚
522 4124 600 4180 stud.
620 4143 644 4178 u.
663 4123 711 4178 Kr.
732 4130 796 4184 1868
814 4144 841 4196 p.
860 4131 922 4190 am
942 4129 1018 4188 1872,
1035 4142 1063 4194 p.
1077 4128 1124 4178 287
1134 4145 1141 4189 ;
1157 4123 1243 4194 Kays.
1262 4143 1289 4194 p.
1311 4130 1366 4180 138.
1386 4130 1447 4190 1403

281 4210 357 4264 Curt.
378 4215 443 4264 1877
462 4229 490 4280 p.
509 4214 554 4274 733
574 4210 643 4264 God.
664 4209 741 4264 Com.
758 4210 788 4264 in
806 4211 886 4264 Joan.
907 4211 929 4264 I.
947 4228 976 4279 p.
995 4213 1056 4273 1683
1076 4208 1209 4274 Schmidt,
1232 4209 1399 4280 Epheserbr.
1420 4229 1446 4280 p.

280 4299 312 4348 24
331 4312 361 4358 s.,
379 4293 518 4363 imprimis
537 4312 565 4363 p.
586 4300 618 4349 34
638 4296 718 4349 Anm.
