3232 5042
749 350 932 408 ..6,

259 507 546 595 progrederentur,
581 517 616 571 ut
649 508 690 572 ab
716 507 736 572 J
746 507 801 574 ha.
829 508 1032 588 historiae,
1070 509 1187 594 quibus
1221 533 1302 596 opus
1333 511 1423 596 prius

260 608 454 693 compleret,
490 609 667 672 maximam
701 616 826 694 partem
858 631 906 673 ex
943 609 1092 674 duobus
1128 610 1423 697 antiquioribus

258 706 374 770 libris
397 706 563 770 haustas
594 729 664 770 esse
688 707 901 771 affirmarent:
928 729 1122 793 praegresso
1150 708 1300 772 Evvaldio
1330 709 1423 794 Hup-

259 805 334 881 feld,
356 805 506 881 Btihmer,
529 803 700 888 Schrader,
725 804 816 887 Graf,
838 805 996 888 No'ldeke,
1012 807 1115 889 Merx,
1133 807 1256 889 Risum,
1283 807 1422 893 Kayser,

259 905 394 987 Diestel,
417 905 539 990 Lange,
563 904 811 983 Wellhausen1)
829 907 925 970 etiam
954 907 1059 974 Jhae.
1081 906 1221 970 librum
1244 907 1333 972 olim
1355 931 1425 994 per

259 997 523 1068 se'exstitisse
554 1014 585 1068 et
611 1027 685 1068 cum
706 1005 796 1069 Elae.
832 1026 850 1070 a
879 1005 1087 1070 redactore
1121 1008 1325 1070 coniunctum
1354 1031 1423 1073 esse

260 1104 468 1168 contendunt.

343 1237 374 1318 b)
395 1238 530 1322 Argum.
557 1259 598 1300 ex
622 1235 752 1300 diverso
776 1236 940 1300 scribendi
962 1237 1057 1302 modo
1080 1241 1226 1324 petitum,
1249 1249 1422 1326 postquam

257 1339 324 1400 iam
347 1343 442 1401 antea
464 1337 587 1400 ratione
608 1337 750 1400 maxime
775 1337 867 1400 varia
888 1345 1063 1401 tractatum
1086 1347 1149 1417 est,
1173 1363 1278 1426 nuper
1300 1365 1320 1405 a
1345 1345 1424 1409 viris

259 1435 362 1500 doctis
392 1441 555 1524 postremo
583 1433 654 1502 loco
684 1437 880 1499 enumeratis
907 1443 974 1499 tum
1006 1459 1122 1521 parum
1150 1437 1327 1520 excultum,
1356 1451 1423 1507 tum

180 1572 184 1577 ·
259 1534 431 1620 spoliatum
455 1541 504 1598 est
526 1533 646 1616 fulcris,
670 1556 752 1620 quae
774 1535 865 1620 prius
886 1534 1073 1599 firmissima
1098 1537 1307 1606 ducebantur.
1345 1541 1424 1608 Ete-

257 1637 324 1698 nim
354 1635 417 1698 iam
444 1633 547 1720 Hupt'.
583 1633 687 1724 obiter
718 1633 783 1697 stili
816 1634 1022 1716 diversitates
1056 1638 1170 1720 tetigit.
1220 1637 1288 1702 Nec
1318 1643 1424 1706 minus

257 1734 408 1816 Bohmer,
430 1731 536 1815 Ndld,
564 1731 714 1816 Kays.²),
742 1731 994 1816 Bleek-Wellh,
1024 1736 1117 1821 quasi
1144 1735 1178 1799 id
1207 1760 1332 1822 argum.
1360 1743 1423 1804 iam

259 1833 407 1898 omnibus
430 1834 572 1896 numeris
595 1830 778 1896 absolutum
801 1841 896 1914 esset,
925 1833 991 1897 fere
1019 1837 1147 1900 omnino
1176 1839 1360 1905 omiserunt.
1384 1878 1426 1886 —

257 1933 360 2018 Kays.
388 1929 542 1994 nonnulla
570 1931 638 1994 eius
666 1931 746 2014 argi.
774 1931 932 2016 membra,
953 1932 1079 2020 ¹quibus
1108 1933 1274 2021 hucusque
1298 1961 1424 2003 summa

258 2034 308 2096 vis
337 2029 483 2104 adscribi
511 2028 650 2112 solebat,
683 2029 853 2094 debilitare
887 2031 1051 2115 studebat,
1085 2033 1206 2120 quippe
1233 2037 1287 2120 qui
1316 2039 1425 2123 ipsum

257 2132 337 2197 illud
366 2131 464 2195 narba
489 2130 554 2196 tabu
585 2130 637 2210 (cf.
665 2130 707 2194 ad
730 2137 782 2213 25,
812 2137 866 2214 19;
893 2136 947 2214 36,
975 2135 1029 2208 313
1058 2137 1107 2216 37,
1137 2139 1425 2227 2811101623)

259 2231 300 2295 ab
333 2230 445 2294 eodem
477 2251 605 2314 semper
631 2237 762 2294 auctore
791 2238 981 2316 usurpatum
1010 2254 1096 2313 esse,
1130 2233 1333 2301 infitiaretur.
1377 2241 1426 2300 Ea

258 2319 402 2416 Kayseri
425 2331 584 2394 sententia
604 2330 763 2394 Diestelio
785 2354 849 2394 nou
872 2331 1012 2416 probata
1036 2341 1084 2397 est
1107 2335 1147 2398 cf.
1170 2334 1191 2400 l.
1214 2336 1233 2398 l.

341 2465 367 2547 c)
390 2464 494 2550 Kays.
516 2465 587 2550 ipse
610 2463 669 2528 sub
691 2463 768 2528 libri
790 2467 839 2528 sui
861 2465 984 2542 finem-⁰2)
1001 2467 1166 2552 professus
1190 2477 1247 2550 est,
1273 2493 1316 2546 se,
1331 2469 1425 2537 Jhae.

258 2566 395 2629 historia
421 2565 526 2650 priori
555 2563 683 2628 saeculo
711 2587 808 2650 quam
835 2565 925 2629 Elae.
949 2566 1129 2652 adscripta,
1162 2571 1352 2633 sententiam
1380 2572 1422 2634 ad

258 2665 315 2728 hos
345 2685 448 2750 usque
480 2663 549 2727 dies
581 2663 621 2726 de
655 2665 823 2750 utriusque
854 2673 959 2728 aetate
993 2668 1134 2730 maxime
1181 2668 1425 2754 comprobatam

258 2764 413 2828 radicitus
442 2762 600 2827 evulsisse
628 2771 660 2827 et
680 2765 714 2826 in
737 2766 858 2828 vertice
876 2768 923 2842 (ut
944 2764 1033 2829 illius
1055 2768 1231 2851 imaginem
1252 2772 1424 2847 retineam)

259 2863 481 2944 collocasse4).

339 2996 382 3062 ΙΙ.
413 2995 494 3064 Cum
523 3004 557 3060 ut
583 2996 623 3062 de
651 2996 754 3062 literis
781 2999 815 3062 iu
842 3020 960 3082 genere
989 3000 1035 3062 sic
1063 2999 1102 3062 de
1125 3002 1227 3064 sacris
1250 3003 1277 3065 is
1302 3004 1424 3088 optime

260 3098 378 3162 mereri
399 3095 564 3172 videatur,
593 3098 648 3184 qui
670 3099 874 3184 provinciam
895 3120 952 3162 suo
974 3106 1120 3184 tempore
1142 3102 1299 3165 acerrime
1323 3125 1423 3188 oppu-

257 3205 390 3286 gnatam
413 3196 571 3260 defendit:
599 3220 658 3283 ego
683 3221 810 3287 quoque
834 3199 873 3262 de
890 3201 1078 3286 quaestione
1098 3201 1346 3286 pentateuchioa
1362 3203 1423 3267 dis·

326 3447 352 3514 1)
369 3445 463 3516 Ηρῐά,
482 3445 535 3500 Die
554 3444 672 3510 Quellen
690 3445 714 3500 d.
735 3447 802 3501 Gen.
823 3450 895 3510 1853,
915 3463 956 3500 ex.
970 3465 1011 3516 gr.
1024 3464 1051 3516 p.
1069 3452 1124 3502 103.
1145 3453 1275 3514 125.132;
1294 3450 1423 3516 Bdhmer,

256 3531 340 3586 Liber
359 3529 473 3586 Genesis
494 3534 558 3584 1860
577 3533 606 3584 et
623 3530 679 3584 Das
699 3536 721 3584 1.
740 3531 818 3585 Buch
836 3531 886 3584 der
904 3531 1016 3584 Thorah
1041 3535 1118 3597 18623
1143 3532 1262 3598 Schrad,
1286 3535 1383 3589 stude.
1402 3555 1423 3590 z.

256 3616 327 3672 Krit.
346 3631 377 3670 n.
390 3613 466 3669 Erki.
485 3614 510 3669 d.
528 3614 594 3668 bibl.
616 3615 746 3684 Urgesch.
767 3620 839 3679 1863,
857 3633 885 3684 p.
906 3619 961 3668 117.
989 3620 1049 3681 118;
1073 3617 1148 3682 Graf,
1172 3619 1249 3674 Marx
1271 3619 1382 3684 Archiv,
1402 3619 1423 3674 I.

255 3700 306 3754 Bd.
326 3704 398 3766 1868,
417 3719 444 3770 p.
462 3703 593 3765 466-77;
612 3698 702 3764 Nola,
720 3699 927 3768 Untersnohgn.
950 3717 999 3752 zur
1022 3700 1092 3756 Krit.
1119 3703 1145 3756 d.
1165 3703 1196 3756 A.
1220 3703 1250 3757 T.
1270 3708 1342 3768 1869,
1362 3723 1389 3774 p.
1409 3709 1423 3758 2

257 3787 351 3850 Anm.;
368 3785 455 3849 Meris,
472 3783 626 3843 Nachvvort
643 3801 676 3836 uu
694 3782 796 3836 Tuch's
815 3781 866 3836 Gn.
885 3788 908 3837 2.
927 3783 997 3838 Aufl.
1019 3789 1095 3850 1871;
1114 3786 1220 3852 Riehm,
1240 3787 1318 3841 stud.
1332 3806 1357 3842 u.
1377 3789 1423 3857 ΚτΙ

258 3873 394 3934 1868.12;
416 3868 530 3936 Kayser,
549 3867 607 3922 Das
625 3867 739 3922 vorexil.
763 3866 794 3920 B.
813 3867 838 3922 d.
858 3868 992 3938 Urgesch.
1019 3869 1054 3922 is.
1075 3874 1147 3935 1814,
1170 3889 1198 3941 p.
1216 3876 1239 3925 4.
1259 3877 1282 3926 9.
1303 3877 1342 3926 10.
1363 3877 1423 3936 111;

256 3953 370 4018 Diestel,
394 3951 489 4007 Schfir.
512 3950 562 4004 Th.
584 3950 678 4020 Ltrzg.
704 3955 775 4016 1816,
797 3951 846 4006 Nr.
870 3958 897 4017 9;
921 3951 944 4007 J.
969 3952 999 4007 P.
1022 3953 1126 4024 Lange,
1152 3956 1203 4008 Gn.
1231 3960 1303 4020 1811,
1328 3976 1355 4026 p.
1379 3962 1424 4023 21;

257 4037 361 4093 Wellh.
380 4037 495 4091 Jahrbb.
515 4035 531 4088 f.
555 4035 580 4089 d.
599 4035 695 4090 Theol.
716 4041 787 4101 1876,
806 4056 833 4106 p.
855 4043 916 4103 3933
941 4047 964 4094 4.
984 4038 1054 4091 Aufl.
1077 4056 1102 4092 v.
1125 4038 1235 4094 Bleek's
1259 4039 1331 4094 Einl.
1352 4045 1424 4107 1878,

257 4142 285 4192 p.
310 4126 366 4176 172.
392 4125 446 4176 118.
469 4151 502 4159 -
527 4121 552 4189 2)
576 4119 630 4174 Sed
649 4119 680 4172 in
703 4121 894 4196 examinandis
926 4123 1143 4190 quaestionibus,
1174 4141 1246 4191 quae
1275 4141 1332 4178 non
1363 4124 1424 4178 Gin.

257 4207 394 4275 spectant,
413 4221 522 4272 semper
540 4203 728 4274 proprietates
746 4205 862 4276 linguae
885 4206 1050 4262 observavit.
1071 4239 1101 4246 -
1121 4208 1146 4278 3)
1165 4225 1191 4278 p.
1214 4213 1268 4262 197.
1286 4239 1318 4248 -—
1338 4212 1364 4273 4)
1384 4208 1423 4264 uf.

258 4290 371 4354 Curtiss
390 4289 432 4342 De
451 4288 613 4344 Aaronitico
631 4289 787 4346 sacerdotio
807 4293 924 4360 1878,'p.
941 4297 964 4346 3.
