3232 5042
629 325 835 396 att—⁴

234 493 305 560 Nisi
327 503 433 560 autem
455 495 531 581 line,
564 481 657 583 quem
680 504 714 560 ut
736 502 961 583 assequeretur
984 495 1127 580 scriptor
1150 481 1212 558 sibi
1235 503 1308 578 pru-¹
1390 555 1394 566 ,

151 597 304 683 posuerit,
324 602 502 660 commotus
524 605 581 670 est,
596 604 632 660 ut
652 605 776 660 totam
792 595 990 672 narrationis
1004 593 1146 658 indolem
1162 602 1313 674 mutaret,
1358 589 1363 594 ’
1382 627 1385 633 -

152 718 258 762 nonne
281 693 416 782 speciali
435 693 596 758 desiderio
625 693 748 781 impelli
769 696 882 781 potuit,
904 701 941 760 ut
967 693 1102 780 aliqua
1123 716 1170 757 ex
1192 699 1314 779 parte

155 819 225 862 eam
247 793 519 860 transformaret?
556 793 671 858 Nonne
698 795 770 880 quis
793 795 826 858 id
851 817 948 880 agere
971 796 1082 880 potuit,
1104 803 1140 858 ut
1161 815 1212 858 res
1234 793 1314 857 iam·

154 895 281 982 pridem
302 901 410 977 gestas
440 895 536 958 etiam
559 892 727 958 vocabulis
757 895 897 979 antiquis
928 891 1181 980 exprimerent
1218 889 1315 980 Quod
1392 895 1410 968 j

155 995 227 1060 fieri
258 995 421 1081 potuisse,
453 1014 547 1057 nemo
576 992 747 1076 infitiatum
783 992 840 1058 sed
866 995 1018 1058 minimae
1043 993 1191 1057 materiei
1213 991 1316 1078 partis

157 1097 344 1178 auctoritem
376 1115 412 1158 eo
440 1091 647 1175 labefactari,
681 1092 857 1158 1111161-
877 1094 946 1157 Nee
974 1092 1074 1156 multo
1097 1092 1253 1156 maiorem
1275 1088 1318 1152 ad

156 1204 282 1281 partem
304 1193 387 1259 alius
409 1192 568 1279 impulsus
589 1193 737 1278 pertinet,
760 1215 822 1280 quo
847 1193 1015 1279 scriptoris
1038 1193 1165 1256 animus
1180 1211 1317 1254 commo-

156 1295 228 1360 veri
250 1300 373 1380 potest3
395 1313 508 1356 sensus
531 1291 604 1356 dico
627 1298 659 1355 et
680 1291 877 1376 affectiones,
900 1292 1017 1380 quibus
1040 1289 1205 1376 cogitandi
1227 1297 1317 1352 actus

155 1393 254 1460 modo
275 1393 497 1458 accelerantur
517 1390 613 1456 modo
631 1391 850 1474 retardantur,
869 1391 964 1456 modo
979 1391 1041 1454 huc
1055 1389 1132 1455 illuc
1146 1391 1318 1474 rapiuntur

157 1491 254 1558 modo
276 1491 380 1556 eidem
402 1491 507 1555 lineae
531 1491 715 1576 alligantur.
744 1492 796 1556 An
818 1490 908 1556 aliud
929 1489 1106 1578 quidquam
1128 1511 1216 1553 6111
1233 1487 1319 1552 effici

157 1599 280 1678 potest,
307 1613 404 1678 quam
430 1599 466 1656 ut
491 1613 533 1655 ex
560 1613 679 1674 genere
706 1591 757 1654 vel
784 1590 879 1655 altori
906 1587 959 1653 vel
988 1589 1135 1655 inferiori
1157 1587 1319 1652 vocabula

88 1749 92 1757 .
157 1691 328 1776 eligantur,
350 1691 611 1755 enunciationum
631 1689 778 1755 membra
805 1690 962 1776 singulari
988 1689 1085 1754 modo
1109 1688 1314 1770 collocentur,

157 1793 399 1856 enunciationes
435 1791 528 1878 ipsae
555 1797 587 1854 et
612 1789 754 1854 vividius
780 1798 978 1856 exornentur
1009 1796 1041 1855 et
1070 1809 1161 1854 more
1188 1786 1318 1852 insolito

157 1889 243 1956 aliae
265 1913 307 1956 ex
325 1889 397 1956 aliis
418 1887 609 1955 nectantur?

243 2023 324 2090 Oum
346 2045 464 2089 causae
491 2024 656 2108 hucusque
684 2022 804 2088 allatae
829 2022 872 2086 111
894 2024 1064 2109 scriptoris
1086 2021 1318 2087 conscientiam

158 2125 360 2211 pertincant,
393 2123 543 2201 harum,
580 2145 680 2210 quae
715 2130 1081 2210 nuncsequentur,
1115 2143 1190 2186 non
1229 2143 1319 2185 con·

158 2225 273 2289 scius
305 2233 381 2302 est3
400 2246 464 2288 non
487 2232 594 2288 autem
616 2224 720 2309 magis
742 2223 818 2288 11111
845 2229 972 2310 aperte,
994 2245 1090 2310 quam
1111 2222 1173 2286 hae
1195 2220 1320 2286 occulto

158 2333 348 2412 operantes,
370 2323 553 2389 libertatem
581 2331 738 2389 coercent.
782 2323 835 2388 Ab
856 2324 992 2388 internis
1015 2322 1058 2386 ad
1073 2330 1225 2387 externas
1244 2343 1319 2409 pro-

156 2424 352 2509 gredientes,
375 2423 460 2488 hanc
483 2422 618 2488 alteram
641 2445 812 2489 causarum
835 2423 972 2488 classem
992 2444 1230 2510 persequemur.

241 2557 310 2642 „Vi
329 2557 521 2622 inertiae“
539 2557 728 2644 scriptorem
743 2556 842 2643 adigi,
857 2565 899 2640 ut,
916 2579 998 2644 quae
1013 2557 1159 2621 notiones
1175 2563 1207 2618 et
1222 2555 1320 2639 signi·

153 2659 323 2723 ficationes
346 2659 446 2722 animi
467 2658 535 2722 eius
550 2659 705 2744 propriae
723 2659 796 2741 sint,
815 2656 991 2721 identidem
1009 2663 1145 2742 repetat,
1161 2653 1320 2740 exemplis

153 2765 366 2842 monstratur,
389 2758 428 2823 cf.
443 2761 523 2835 1111111
539 2763 619 2826 asar
635 2757 734 2845 (quod
748 2755 902 2843 Nagelsb.
920 2753 1076 2842 neglexit)
1092 2755 1211 2841 septies
1232 2753 1320 2840 apud

151 2857 224 2924 Jes.
247 2881 306 2923 nec
329 2881 404 2924 vero
427 2857 491 2924 ullo
521 2858 584 2924 alio
606 2858 677 2924 loco
699 2879 876 2923 occurrere.
913 2855 949 2922 si
969 2857 1069 2942 igitur
1090 2856 1124 2918 in
1145 2854 1228 2919 libro
1244 2876 1320 2941 quo-

152 2957 233 3022 dam
262 2955 375 3021 eadem
406 2957 623 3040 inveniuntur,
649 2958 791 3020 maxime
817 2963 953 3020 naturae
981 2955 1131 3019 convenit
1158 2976 1217 3018 nos
1245 2975 1321 3016 con·

154 3057 297 3140 cludere,
321 3057 416 3122 11111
433 3057 569 3122 eundem
584 3057 754 3122 referenda
770 3079 849 3121 esse.
879 3056 992 3143 Neque
1007 3041 1115 3119 aliam⁴
1125 3053 1166 3118 ab
1188 3075 1320 3117 causam

152 3181 255 3247 quam
276 3157 371 3221 unius
400 3158 555 3245 cuiusque
582 3163 722 3222 mentem
745 3153 872 3221 vinculo
902 3153 1035 3218 unitatis
1062 3149 1320 3236 circumligatam

152 3281 228 3323 esse
251 3264 405 3340 statuens,
428 3255 689 3340 Ewald18642),
712 3278 795 3345 quae
816 3277 893 3320 raro
916 3258 1121 3319 occurrerent
1144 3257 1175 3316 11
1196 3251 1321 3338 antiqui

150 3358 312 3445 temporis
334 3356 476 3423 indolem
497 3358 656 3423 referrent
677 3364 709 3422 et
730 3356 870 3421 obscura
893 3361 1010 3438 essent,
1033 3374 1075 3416 ex
1097 3351 1237 3438 antiquis
1252 3351 1320 3415 fon·

148 3457 241 3523 tibus
268 3457 386 3522 hausta
413 3480 483 3522 csse
510 3458 677 3523 iudicavit.
728 3455 850 3522 Iisdem
878 3460 984 3518 autem
1014 3453 1130 3517 seriem
1159 3473 1320 3538 quamque

148 3556 328 3622 verborum
350 3579 467 3644 parum
490 3557 613 3622 claram
635 3579 685 3624 ex.
707 3579 733 3621 c.
758 3555 820 3622 Gn.
845 3560 895 3638 20,
918 3559 956 3622 16
985 3553 1178 3637 obtrudens,
1202 3551 1320 3618 oblitus

149 3666 213 3742 est,
245 3658 342 3724 etiam
364 3680 384 3722 1
406 3659 566 3744 scriptore
595 3658 674 3722 satis
705 3658 881 3722 exercitato
915 3662 947 3720 et
974 3654 1129 3740 diligente
1157 3653 1321 3718 interdum

149 3760 414 3825 enunciationem
426 3759 600 3845 ambiguae
614 3757 891 3844 interpretationis
901 3756 1044 3821 construi
1054 3777 1158 3841 posse.
1170 3753 1320 3840 Hgstb.³)

148 3868 269 3928 contra
296 3859 441 3926 libertati
468 3861 565 3924 nimis
594 3859 716 3924 tribuit.
760 3859 846 3940 Quia
874 3858 960 3922 enim
989 3855 1149 3922 Gesenius
1179 3863 1211 3921 et
1231 3856 1320 3920 Baur

150 3961 379 4046 Tubingensis
403 3959 524 4026 semel
552 3959 674 4056 falsum
696 3959 736 4023 de
760 3959 874 4045 scripti
897 3956 1066 4022 cuiusdam
1089 3957 1214 4040 origine
1235 3957 1321 4022 iudi-

147 4114 366 4126 -.-.--.-

222 4209 398 4280 1111111111.
418 4213 483 4264 1844
507 4226 534 4278 p.
557 4205 724 4272 LXXXV113
747 4208 775 4263 et
797 4206 856 4262 fere
878 4205 993 4262 eadem
1019 4203 1106 4260 verba
1128 4203 1185 4259 Ew.
1210 4209 1275 4260 1864
1292 4225 1320 4277 p.

145 4301 211 4354 138.
230 4329 263 4336 -
282 4302 308 4364 2)
329 4314 355 4365 p.
374 4298 414 4349 98.
434 4299 466 4348 99
485 4295 567 4348 Anm.
584 4323 618 4332 -
638 4296 664 4362 3)
683 4293 768 4348 Auth.
787 4293 807 4348 Ι.
825 4311 853 4362 p.
874 4291 962 4347 LXIV
979 4307 1014 4345 ss.
1033 4290 1110 4344 Anm

1093 4379 1110 4430 4
