3232 5042
756 323 961 385 ..30-

364 486 513 572 Denique
539 506 612 548 cum
638 483 765 568 liceret,
792 507 851 549 nos
874 507 974 572 supra
995 485 1058 552 hoo
1076 507 1202 571 argum.
1225 485 1267 551 ad
1289 496 1439 552 naturam

280 589 348 652 eius
371 583 621 650 examinandam
638 606 709 648 eum
727 606 816 666 argo.
838 584 900 647 viri
922 607 1029 648 rerum
1054 591 1189 650 naturae
1206 587 1333 671 experti
1357 608 1441 652 oom-

278 706 409 772 parare‚
441 683 549 748 nescio
576 705 618 746 an
643 704 709 746 non
735 681 811 746 inde
839 681 1014 769 quidquam
1039 681 1212 749 discamus.
1254 684 1368 750 Nonne
1392 688 1442 752 vir

159 793 165 798 “
278 807 386 850 rerum
411 791 547 848 naturae
572 782 695 867 peritus
721 782 900 846 novissima
920 789 952 846 et
975 784 1134 848 acerrima
1157 805 1303 870 quaeque
1325 785 1441 850 instru-

280 891 389 950 menta
410 882 472 946 sibi
495 881 634 966 acquirit
649 887 680 946 et
694 881 850 966 optimam
866 902 1028 966 quamque
1044 879 1240 946 observandi
1255 884 1440 950 methodum

279 981 448 1070 sequitur?
480 981 597 1046 Nonne
612 981 711 1066 igitur
725 981 828 1044 nostri
844 1002 970 1066 quoque
992 979 1076 1046 oculi
1099 985 1324 1070 comparativa
1346 984 1442 1050 huius

279 1082 399 1148 saeculi
426 1079 604 1166 philologia
633 1077 883 1164 contemplanda
910 1080 1048 1144 acuendi
1071 1103 1095 1146 s.
1119 1085 1261 1166 aptiores
1285 1084 1442 1151 reddendi

279 1189 364 1264 sunt,
387 1184 443 1268 qui
465 1180 588 1244 formas
611 1181 644 1242 in
666 1201 777 1243 earum
800 1177 957 1244 elementa
980 1180 1141 1246 dissecent
1165 1191 1196 1246 et
1218 1182 1359 1249 dissecta
1378 1187 1440 1250 sin-

279 1278 414 1364 gulatim
437 1281 606 1343 aestiment
628 1275 679 1340 vel
702 1280 856 1364 syntaxis
877 1279 996 1344 rectius
1018 1279 1214 1365 disponant?

364 1383 394 1444 2.
415 1377 453 1444 In
476 1376 662 1442 adhibenda
684 1377 821 1442 materia
843 1376 889 1442 ibi
912 1387 943 1442 et
965 1379 1012 1442 sio
1034 1379 1169 1444 collecta
1190 1387 1319 1466 praeter
1341 1370 1441 1468 leges,

282 1481 317 1544 in
339 1477 488 1544 omnibus
503 1478 605 1544 literis
623 1476 814 1564 sequendas,
830 1477 936 1544 nullae
950 1478 1103 1544 ferendae
1119 1489 1201 1546 sunt.
1232 1481 1347 1568 Itaque
1362 1482 1443 1547 haec

280 1576 350 1643 sola
371 1576 538 1659 addimus,
559 1599 625 1656 res,
651 1577 715 1640 nisi
742 1579 830 1642 omni
859 1599 899 1641 ex
920 1587 1015 1664 parte
1037 1578 1099 1644 sibi
1122 1579 1357 1666 respondeant,
1379 1605 1444 1647 non

279 1675 492 1742 conferendas
514 1696 601 1758 esse3
625 1675 769 1761 singulas
784 1677 904 1741 formas
926 1700 989 1742 non
1013 1677 1113 1764 pluris
1136 1679 1356 1745 aestimandas
1372 1703 1443 1746 esse

279 1798 376 1860 quam
404 1775 591 1840 universam
619 1781 727 1839 textus
753 1773 910 1860 indolem3
938 1799 979 1840 ex
1009 1775 1107 1842 rebus
1137 1777 1319 1844 observatis
1347 1780 1443 1844 nimis

279 1875 445 1961 generalia
469 1873 618 1940 concludi
632 1897 697 1940 non
719 1874 847 1942 debere.
879 1875 923 1940 Ut
942 1878 1043 1962 igitur
1058 1901 1158 1965 supra
1179 1878 1299 1944 hortati
1322 1903 1442 1965 sumus,

279 1999 319 2042 ne
342 1999 361 2041 a
382 1974 528 2040 thesibus
556 1973 794 2040 universalibus
817 1977 1014 2061 (axiomatis)
1040 1979 1165 2044 initium
1188 1989 1373 2065 caperetur,
1395 1982 1442 2045 ita

279 2073 332 2142 hic
360 2097 542 2158 monemus,
567 2096 607 2138 ne
638 2079 667 2153 (e
697 2097 760 2162 quo
790 2076 870 2140 vitio
898 2075 1010 2142 literae
1037 2085 1151 2142 nostra
1177 2087 1283 2143 aetate
1309 2079 1443 2144 multum

281 2177 464 2242 detrimenti
486 2182 652 2263 ceperunt)
673 2176 803 2242 iudiciis
818 2177 1075 2264 generalioribus
1097 2178 1173 2245 latis
1196 2202 1278 2266 opus
1299 2180 1439 2248 finiatur.

782 2521 825 2634 d.
853 2521 942 2635 Vis

485 2695 664 2780 argumenti
686 2715 703 2764 e
725 2713 864 2764 sermone
886 2695 1075 2781 scriptorum
1094 2697 1232 2784 repetiti.

727 2847 758 2915 Ι.
792 2847 999 2917 Positire.
1204 2947 1206 2952 Ι

367 3046 393 3104 1.
415 3038 460 3102 In
482 3040 720 3102 universum.
753 3037 801 3100 Ac
816 3038 955 3123 primum
972 3037 1101 3126 quidem
1117 3036 1199 3104 bene
1214 3039 1441 3104 inculcandum

281 3147 339 3219 est,
357 3138 461 3202 altera
475 3136 668 3201 indiciorum
683 3135 760 3221 phil.
777 3145 868 3222 parte
884 3136 1027 3221 singulos
1042 3136 1186 3202 eiusdem
1200 3138 1326 3224 periodi
1342 3141 1442 3225 scrip-

280 3245 367 3302 tores
389 3239 472 3302 inter
496 3259 545 3310 se,
576 3235 678 3298 altera
701 3234 851 3320 periodos
873 3236 1004 3319 linguae
1026 3237 1116 3322 ipsas
1139 3235 1302 3321 distingui.
1347 3237 1441 3318 Quod

280 3337 430 3403 Kleinert
456 3339 581 3424 primus
608 3334 661 3400 vel
689 3335 773 3400 vidit
793 3335 846 3400 vel
869 3335 988 3400 diserto
1016 3335 1108 3402 dixit.
1120 3337 1141 3419 ¹)
1185 3337 1229 3403 Elt
1249 3339 1285 3401 in
1306 3339 1443 3424 singulis

282 3437 427 3502 eiusdem
455 3433 583 3524 periodi
612 3433 825 3521 scriptoribus
852 3434 1090 3520 distinguendis
1117 3437 1222 3501 minus
1249 3436 1444 3502 adiuvamur

282 3538 526 3603 discriminibus
550 3535 749 3622 proprie2)
770 3533 978 3619 lingualibus‚
1001 3538 1077 3623 quia
1099 3538 1212 3603 eadem
1236 3539 1369 3624 periodo
1391 3539 1444 3630 vel

281 3637 371 3701 nulla
392 3635 443 3700 vel
467 3657 573 3718 pauca
593 3655 664 3698 esse
687 3633 799 3716 solent,
822 3657 917 3719 quarn
937 3634 1049 3698 formis
1065 3637 1230 3701 antefactis
1247 3637 1320 3719 (etsi
1335 3639 1443 3702 minus

282 3741 382 3810 certo)
403 3741 435 3798 et
457 3733 746 3818 discrepantiarum
767 3730 957 3817 lingualium
980 3733 1184 3809 lexicalibus‚
1210 3735 1348 3821 denique
1370 3757 1444 3822 syn-

282 3834 410 3901 tactieis
431 3834 675 3920 rhetoricisque.
704 3833 837 3897 Periodi
852 3842 958 3898 autern
979 3835 1109 3920 linguae
1131 3835 1200 3900 fere
1222 3858 1285 3900 non
1307 3844 1445 3922 possunt

284 3936 440 4021 distingui
464 3933 581 3998 iisdem
603 3933 707 3998 tribus
730 3933 924 4000 indiciorum
946 3935 1136 4021 generibus,
1163 3936 1220 4001 sed
1242 3938 1356 4002 formis
1378 3939 1444 4002 fere

284 4037 379 4119 solis,
408 4057 491 4122 quae
519 4036 677 4122 proprie
698 4033 858 4119 linguales
883 4035 1041 4102 dicuntur.
1084 4036 1140 4101 Sic
1160 4036 1210 4120 fit,
1233 4048 1267 4101 ut
1289 4037 1373 4102 duae
1399 4041 1444 4103 in·

289 4187 497 4202 ..M

352 4285 376 4357 1)
395 4303 421 4354 p.
442 4287 497 4338 190.
519 4286 573 4340 192.
591 4312 625 4323 -
644 4283 670 4351 2)
689 4280 766 4348 Quae
785 4281 928 4337 distinctio
945 4299 1011 4354 pag.
1030 4282 1158 4354 proxima
1175 4284 1339 4356 explicatur.
1390 4297 1392 4302 ·
