<?xml version="1.0" encoding="UTF-8"?>
<!DOCTYPE html PUBLIC "-//W3C//DTD XHTML 1.0 Transitional//EN"
    "http://www.w3.org/TR/xhtml1/DTD/xhtml1-transitional.dtd">
<html xmlns="http://www.w3.org/1999/xhtml" xml:lang="en" lang="en">
 <head>
  <title>
</title>
<meta http-equiv="Content-Type" content="text/html;charset=utf-8" />
  <meta name='ocr-system' content='tesseract 3.04.00' />
  <meta name='ocr-capabilities' content='ocr_page ocr_carea ocr_par ocr_line ocrx_word'/>
</head>
<body>
  <div class='ocr_page' id='page_1' title='image "./decriticaesacra00kngoog_0025.png"; bbox 0 0 3232 5042; ppageno 0'>
   <div class='ocr_carea' id='block_1_1' title="bbox 788 387 992 449">
    <p class='ocr_par' dir='ltr' id='par_1_1' title="bbox 788 387 992 449">
     <span class='ocr_line' id='line_1_1' title="bbox 788 387 992 449; baseline 0 -21"><span class='ocrx_word' id='word_1_1' title='bbox 788 387 992 449; x_wconf 58' lang='lat'><strong>„20-</strong></span> 
     </span>
    </p>
   </div>
   <div class='ocr_carea' id='block_1_2' title="bbox 216 547 1475 2422">
    <p class='ocr_par' dir='ltr' id='par_1_2' title="bbox 216 547 1475 2422">
     <span class='ocr_line' id='line_1_2' title="bbox 391 547 1472 637; baseline 0.002 -25"><span class='ocrx_word' id='word_1_2' title='bbox 391 553 423 626; x_wconf 85' lang='lat' dir='ltr'><strong>a)</strong></span> <span class='ocrx_word' id='word_1_3' title='bbox 445 547 494 612; x_wconf 85' lang='lat' dir='ltr'><strong>Ac</strong></span> <span class='ocrx_word' id='word_1_4' title='bbox 519 549 660 635; x_wconf 89' lang='lat' dir='ltr'><strong>primum</strong></span> <span class='ocrx_word' id='word_1_5' title='bbox 690 548 818 635; x_wconf 90' lang='lat' dir='ltr'><strong>quidem</strong></span> <span class='ocrx_word' id='word_1_6' title='bbox 846 548 988 613; x_wconf 91' lang='lat' dir='ltr'><strong>dubitari</strong></span> <span class='ocrx_word' id='word_1_7' title='bbox 1017 571 1081 613; x_wconf 91' lang='lat' dir='ltr'><strong>non</strong></span> <span class='ocrx_word' id='word_1_8' title='bbox 1105 571 1201 635; x_wconf 90' lang='lat' dir='ltr'><strong>posse</strong></span> <span class='ocrx_word' id='word_1_9' title='bbox 1225 548 1368 633; x_wconf 89' lang='lat' dir='ltr'><strong>videtur,</strong></span> <span class='ocrx_word' id='word_1_10' title='bbox 1391 550 1472 637; x_wconf 91' lang='lat' dir='ltr'><strong>quin</strong></span> 
     </span>
     <span class='ocr_line' id='line_1_3' title="bbox 308 648 1472 737; baseline 0.002 -24"><span class='ocrx_word' id='word_1_11' title='bbox 308 650 341 713; x_wconf 92' lang='lat' dir='ltr'><strong>in</strong></span> <span class='ocrx_word' id='word_1_12' title='bbox 374 650 630 713; x_wconf 81' lang='lat' dir='ltr'><strong>testimoniorum</strong></span> <span class='ocrx_word' id='word_1_13' title='bbox 660 672 735 714; x_wconf 86' lang='lat' dir='ltr'><strong>vere</strong></span> <span class='ocrx_word' id='word_1_14' title='bbox 768 648 845 736; x_wconf 92' lang='lat' dir='ltr'><strong>phil.</strong></span> <span class='ocrx_word' id='word_1_15' title='bbox 875 670 1009 714; x_wconf 92' lang='lat' dir='ltr'><strong>numero</strong></span> <span class='ocrx_word' id='word_1_16' title='bbox 1043 651 1139 714; x_wconf 89' lang='lat' dir='ltr'><strong>etiam</strong></span> <span class='ocrx_word' id='word_1_17' title='bbox 1169 651 1357 732; x_wconf 78' lang='lat' dir='ltr'><strong>societates,</strong></span> <span class='ocrx_word' id='word_1_18' title='bbox 1388 673 1472 737; x_wconf 87' lang='lat' dir='ltr'><strong>quas</strong></span> 
     </span>
     <span class='ocr_line' id='line_1_4' title="bbox 311 746 1473 836; baseline 0.001 -24"><span class='ocrx_word' id='word_1_19' title='bbox 311 746 516 812; x_wconf 83' lang='lat' dir='ltr'><strong>substantiva</strong></span> <span class='ocrx_word' id='word_1_20' title='bbox 546 770 619 811; x_wconf 92' lang='lat' dir='ltr'><strong>cum</strong></span> <span class='ocrx_word' id='word_1_21' title='bbox 641 747 751 812; x_wconf 91' lang='lat' dir='ltr'><strong>verbis</strong></span> <span class='ocrx_word' id='word_1_22' title='bbox 773 747 826 812; x_wconf 93' lang='lat' dir='ltr'><strong>vel</strong></span> <span class='ocrx_word' id='word_1_23' title='bbox 848 754 1020 836; x_wconf 89' lang='lat' dir='ltr'><strong>utrumque</strong></span> <span class='ocrx_word' id='word_1_24' title='bbox 1041 769 1112 812; x_wconf 93' lang='lat' dir='ltr'><strong>cum</strong></span> <span class='ocrx_word' id='word_1_25' title='bbox 1134 769 1270 835; x_wconf 89' lang='lat' dir='ltr'><strong>praepp.</strong></span> <span class='ocrx_word' id='word_1_26' title='bbox 1289 749 1416 830; x_wconf 86' lang='lat' dir='ltr'><strong>ineunt,</strong></span> <span class='ocrx_word' id='word_1_27' title='bbox 1439 756 1473 814; x_wconf 91' lang='lat' dir='ltr'><strong>et</strong></span> 
     </span>
     <span class='ocr_line' id='line_1_5' title="bbox 308 845 1471 931; baseline 0.002 -21"><span class='ocrx_word' id='word_1_28' title='bbox 308 869 423 910; x_wconf 91' lang='lat' dir='ltr'><strong>vocum</strong></span> <span class='ocrx_word' id='word_1_29' title='bbox 446 847 540 931; x_wconf 90' lang='lat' dir='ltr'><strong>paria</strong></span> <span class='ocrx_word' id='word_1_30' title='bbox 557 847 780 927; x_wconf 79' lang='lat' dir='ltr'><strong>assonantia1)</strong></span> <span class='ocrx_word' id='word_1_31' title='bbox 795 846 945 911; x_wconf 90' lang='lat' dir='ltr'><strong>habenda</strong></span> <span class='ocrx_word' id='word_1_32' title='bbox 961 849 1032 911; x_wconf 90' lang='lat' dir='ltr'><strong>sint.</strong></span> <span class='ocrx_word' id='word_1_33' title='bbox 1062 845 1116 910; x_wconf 86' lang='lat' dir='ltr'><strong>Ad</strong></span> <span class='ocrx_word' id='word_1_34' title='bbox 1138 870 1238 912; x_wconf 89' lang='lat' dir='ltr'><strong>unam</strong></span> <span class='ocrx_word' id='word_1_35' title='bbox 1260 848 1344 912; x_wconf 90' lang='lat' dir='ltr'><strong>enim</strong></span> <span class='ocrx_word' id='word_1_36' title='bbox 1367 847 1471 912; x_wconf 89' lang='lat' dir='ltr'><strong>solam</strong></span> 
     </span>
     <span class='ocr_line' id='line_1_6' title="bbox 216 945 1473 1034; baseline 0.002 -25"><span class='ocrx_word' id='word_1_37' title='bbox 216 951 218 956; x_wconf 86' lang='grc'><strong>’</strong></span> <span class='ocrx_word' id='word_1_38' title='bbox 309 967 377 1009; x_wconf 90' lang='lat' dir='ltr'><strong>rem</strong></span> <span class='ocrx_word' id='word_1_39' title='bbox 400 945 629 1027; x_wconf 78' lang='lat' dir='ltr'>coalescentia,</span> <span class='ocrx_word' id='word_1_40' title='bbox 657 968 677 1009; x_wconf 88' lang='lat' dir='ltr'><strong>a</strong></span> <span class='ocrx_word' id='word_1_41' title='bbox 699 947 857 1032; x_wconf 79' lang='lat' dir='ltr'>scriptore</span> <span class='ocrx_word' id='word_1_42' title='bbox 884 945 1057 1030; x_wconf 91' lang='lat' dir='ltr'><strong>cogitando</strong></span> <span class='ocrx_word' id='word_1_43' title='bbox 1084 967 1144 1010; x_wconf 92' lang='lat' dir='ltr'><strong>nec</strong></span> <span class='ocrx_word' id='word_1_44' title='bbox 1166 947 1347 1012; x_wconf 82' lang='lat' dir='ltr'><strong>formantur</strong></span> <span class='ocrx_word' id='word_1_45' title='bbox 1367 969 1473 1034; x_wconf 89' lang='lat' dir='ltr'><strong>neque</strong></span> 
     </span>
     <span class='ocr_line' id='line_1_7' title="bbox 309 1042 1473 1128; baseline 0.003 -21"><span class='ocrx_word' id='word_1_46' title='bbox 309 1044 479 1128; x_wconf 88' lang='lat' dir='ltr'><strong>eliguntur.</strong></span> <span class='ocrx_word' id='word_1_47' title='bbox 528 1042 630 1107; x_wconf 81' lang='lat' dir='ltr'>Valde</span> <span class='ocrx_word' id='word_1_48' title='bbox 664 1053 769 1108; x_wconf 90' lang='lat' dir='ltr'><strong>autem</strong></span> <span class='ocrx_word' id='word_1_49' title='bbox 798 1043 930 1107; x_wconf 90' lang='lat' dir='ltr'><strong>dubium</strong></span> <span class='ocrx_word' id='word_1_50' title='bbox 960 1051 1023 1125; x_wconf 87' lang='lat' dir='ltr'><strong>est,</strong></span> <span class='ocrx_word' id='word_1_51' title='bbox 1052 1067 1128 1108; x_wconf 92' lang='lat' dir='ltr'><strong>num</strong></span> <span class='ocrx_word' id='word_1_52' title='bbox 1156 1045 1257 1108; x_wconf 89' lang='lat' dir='ltr'><strong>etiam</strong></span> <span class='ocrx_word' id='word_1_53' title='bbox 1285 1045 1318 1108; x_wconf 91' lang='lat' dir='ltr'><strong>in</strong></span> <span class='ocrx_word' id='word_1_54' title='bbox 1345 1047 1473 1110; x_wconf 90' lang='lat' dir='ltr'><strong>ratione</strong></span> 
     </span>
     <span class='ocr_line' id='line_1_8' title="bbox 307 1142 1474 1230; baseline 0.002 -24"><span class='ocrx_word' id='word_1_55' title='bbox 307 1143 403 1206; x_wconf 86' lang='lat' dir='ltr'><strong>varia</strong></span> <span class='ocrx_word' id='word_1_56' title='bbox 432 1144 573 1228; x_wconf 92' lang='lat' dir='ltr'><strong>partium</strong></span> <span class='ocrx_word' id='word_1_57' title='bbox 601 1144 741 1208; x_wconf 88' lang='lat' dir='ltr'><strong>notionis</strong></span> <span class='ocrx_word' id='word_1_58' title='bbox 768 1142 833 1207; x_wconf 88' lang='lat' dir='ltr'><strong>late</strong></span> <span class='ocrx_word' id='word_1_59' title='bbox 856 1145 995 1228; x_wconf 89' lang='lat' dir='ltr'><strong>patentis</strong></span> <span class='ocrx_word' id='word_1_60' title='bbox 1019 1142 1119 1224; x_wconf 86' lang='lat' dir='ltr'><strong>(velut</strong></span> <span class='ocrx_word' id='word_1_61' title='bbox 1145 1143 1308 1228; x_wconf 89' lang='lat' dir='ltr'><strong>animalis,</strong></span> <span class='ocrx_word' id='word_1_62' title='bbox 1332 1144 1474 1230; x_wconf 78' lang='lat' dir='ltr'><strong>plantae)</strong></span> 
     </span>
     <span class='ocr_line' id='line_1_9' title="bbox 310 1241 1473 1328; baseline 0.003 -22"><span class='ocrx_word' id='word_1_63' title='bbox 310 1241 603 1306; x_wconf 90' lang='lat' dir='ltr'><strong>enumerandarum</strong></span> <span class='ocrx_word' id='word_1_64' title='bbox 629 1243 859 1328; x_wconf 86' lang='lat' dir='ltr'><strong>proprietatem</strong></span> <span class='ocrx_word' id='word_1_65' title='bbox 888 1243 1021 1307; x_wconf 90' lang='lat' dir='ltr'><strong>alicuius</strong></span> <span class='ocrx_word' id='word_1_66' title='bbox 1048 1243 1125 1308; x_wconf 90' lang='lat' dir='ltr'><strong>libri</strong></span> <span class='ocrx_word' id='word_1_67' title='bbox 1150 1243 1227 1328; x_wconf 93' lang='lat' dir='ltr'><strong>phil.</strong></span> <span class='ocrx_word' id='word_1_68' title='bbox 1255 1246 1345 1308; x_wconf 90' lang='lat' dir='ltr'><strong>cerni</strong></span> <span class='ocrx_word' id='word_1_69' title='bbox 1366 1244 1473 1312; x_wconf 90' lang='lat' dir='ltr'><strong>liceat.</strong></span> 
     </span>
     <span class='ocr_line' id='line_1_10' title="bbox 309 1342 1473 1428; baseline 0.003 -23"><span class='ocrx_word' id='word_1_70' title='bbox 309 1342 426 1408; x_wconf 84' lang='lat' dir='ltr'><strong>Eichh.</strong></span> <span class='ocrx_word' id='word_1_71' title='bbox 443 1350 474 1407; x_wconf 92' lang='lat' dir='ltr'><strong>et</strong></span> <span class='ocrx_word' id='word_1_72' title='bbox 487 1343 548 1427; x_wconf 93' lang='lat' dir='ltr'><strong>llg.</strong></span> <span class='ocrx_word' id='word_1_73' title='bbox 558 1343 582 1418; x_wconf 83' lang='grc'><strong>2)</strong></span> <span class='ocrx_word' id='word_1_74' title='bbox 597 1343 699 1408; x_wconf 89' lang='lat' dir='ltr'><strong>multa</strong></span> <span class='ocrx_word' id='word_1_75' title='bbox 711 1343 774 1407; x_wconf 93' lang='lat' dir='ltr'><strong>huc</strong></span> <span class='ocrx_word' id='word_1_76' title='bbox 790 1345 971 1428; x_wconf 84' lang='lat' dir='ltr'><strong>spectantia</strong></span> <span class='ocrx_word' id='word_1_77' title='bbox 985 1353 1235 1428; x_wconf 81' lang='lat' dir='ltr'><strong>congesserunt3</strong></span> <span class='ocrx_word' id='word_1_78' title='bbox 1252 1367 1346 1409; x_wconf 89' lang='lat' dir='ltr'><strong>nemu</strong></span> <span class='ocrx_word' id='word_1_79' title='bbox 1363 1355 1473 1410; x_wconf 89' lang='lat' dir='ltr'><strong>autern</strong></span> 
     </span>
     <span class='ocr_line' id='line_1_11' title="bbox 313 1442 1473 1530; baseline 0.003 -26"><span class='ocrx_word' id='word_1_80' title='bbox 313 1464 367 1504; x_wconf 91' lang='lat' dir='ltr'><strong>eos</strong></span> <span class='ocrx_word' id='word_1_81' title='bbox 391 1449 447 1506; x_wconf 88' lang='lat' dir='ltr'><strong>aut</strong></span> <span class='ocrx_word' id='word_1_82' title='bbox 473 1450 600 1506; x_wconf 88' lang='lat' dir='ltr'><strong>secutus</strong></span> <span class='ocrx_word' id='word_1_83' title='bbox 628 1451 677 1506; x_wconf 88' lang='lat' dir='ltr'><strong>est</strong></span> <span class='ocrx_word' id='word_1_84' title='bbox 703 1452 758 1506; x_wconf 88' lang='lat' dir='ltr'><strong>aut</strong></span> <span class='ocrx_word' id='word_1_85' title='bbox 783 1442 946 1506; x_wconf 87' lang='lat' dir='ltr'><strong>refutavit.</strong></span> <span class='ocrx_word' id='word_1_86' title='bbox 988 1443 1091 1530; x_wconf 85' lang='lat' dir='ltr'><strong>Atqui</strong></span> <span class='ocrx_word' id='word_1_87' title='bbox 1113 1465 1225 1507; x_wconf 90' lang='lat' dir='ltr'><strong>verum</strong></span> <span class='ocrx_word' id='word_1_88' title='bbox 1248 1451 1306 1521; x_wconf 88' lang='lat' dir='ltr'><strong>est,</strong></span> <span class='ocrx_word' id='word_1_89' title='bbox 1328 1447 1473 1508; x_wconf 87' lang='lat' dir='ltr'><strong>auctoris</strong></span> 
     </span>
     <span class='ocr_line' id='line_1_12' title="bbox 311 1541 1474 1629; baseline 0.004 -24"><span class='ocrx_word' id='word_1_90' title='bbox 311 1542 477 1626; x_wconf 88' lang='lat' dir='ltr'><strong>ingenium</strong></span> <span class='ocrx_word' id='word_1_91' title='bbox 504 1563 546 1604; x_wconf 85' lang='lat' dir='ltr'><strong>ex</strong></span> <span class='ocrx_word' id='word_1_92' title='bbox 575 1541 792 1626; x_wconf 86' lang='lat' dir='ltr'><strong>descriptione</strong></span> <span class='ocrx_word' id='word_1_93' title='bbox 816 1544 984 1606; x_wconf 89' lang='lat' dir='ltr'><strong>notionum</strong></span> <span class='ocrx_word' id='word_1_94' title='bbox 1015 1542 1080 1607; x_wconf 90' lang='lat' dir='ltr'><strong>late</strong></span> <span class='ocrx_word' id='word_1_95' title='bbox 1108 1545 1288 1629; x_wconf 89' lang='lat' dir='ltr'><strong>patentium</strong></span> <span class='ocrx_word' id='word_1_96' title='bbox 1319 1547 1474 1628; x_wconf 87' lang='lat' dir='ltr'><strong>cognosci</strong></span> 
     </span>
     <span class='ocr_line' id='line_1_13' title="bbox 310 1641 1474 1727; baseline 0.003 -24"><span class='ocrx_word' id='word_1_97' title='bbox 310 1662 423 1726; x_wconf 79' lang='lat' dir='ltr'><strong>posse,</strong></span> <span class='ocrx_word' id='word_1_98' title='bbox 451 1661 523 1703; x_wconf 92' lang='lat' dir='ltr'><strong>cum</strong></span> <span class='ocrx_word' id='word_1_99' title='bbox 550 1662 602 1722; x_wconf 90' lang='lat' dir='ltr'><strong>ea,</strong></span> <span class='ocrx_word' id='word_1_100' title='bbox 629 1642 657 1703; x_wconf 91' lang='lat' dir='ltr'><strong>si</strong></span> <span class='ocrx_word' id='word_1_101' title='bbox 685 1662 812 1726; x_wconf 86' lang='lat' dir='ltr'><strong>semper</strong></span> <span class='ocrx_word' id='word_1_102' title='bbox 837 1641 1009 1725; x_wconf 90' lang='lat' dir='ltr'><strong>repetitur,</strong></span> <span class='ocrx_word' id='word_1_103' title='bbox 1041 1642 1234 1726; x_wconf 89' lang='lat' dir='ltr'><strong>patefaciat,</strong></span> <span class='ocrx_word' id='word_1_104' title='bbox 1264 1665 1336 1706; x_wconf 91' lang='lat' dir='ltr'><strong>eum</strong></span> <span class='ocrx_word' id='word_1_105' title='bbox 1366 1665 1474 1727; x_wconf 88' lang='lat' dir='ltr'><strong>nosse,</strong></span> 
     </span>
     <span class='ocr_line' id='line_1_14' title="bbox 312 1727 1473 1826; baseline 0.005 -25"><span class='ocrx_word' id='word_1_106' title='bbox 312 1738 487 1802; x_wconf 89' lang='lat' dir='ltr'><strong>secundum</strong></span> <span class='ocrx_word' id='word_1_107' title='bbox 516 1740 602 1825; x_wconf 94' lang='lat' dir='ltr'><strong>quod</strong></span> <span class='ocrx_word' id='word_1_108' title='bbox 629 1740 874 1802; x_wconf 83' lang='lat' dir='ltr'><strong>fundamentum</strong></span> <span class='ocrx_word' id='word_1_109' title='bbox 900 1727 976 1804; x_wconf 91' lang='lat' dir='ltr'><strong>illae</strong></span> <span class='ocrx_word' id='word_1_110' title='bbox 1003 1741 1151 1804; x_wconf 89' lang='lat' dir='ltr'><strong>notiones</strong></span> <span class='ocrx_word' id='word_1_111' title='bbox 1178 1740 1374 1806; x_wconf 87' lang='lat' dir='ltr'><strong>dividendae</strong></span> <span class='ocrx_word' id='word_1_112' title='bbox 1397 1744 1473 1826; x_wconf 87' lang='lat' dir='ltr'><strong>sint,</strong></span> 
     </span>
     <span class='ocr_line' id='line_1_15' title="bbox 313 1831 1473 1934; baseline 0.005 -34"><span class='ocrx_word' id='word_1_113' title='bbox 313 1839 406 1922; x_wconf 89' lang='lat' dir='ltr'><strong>eique</strong></span> <span class='ocrx_word' id='word_1_114' title='bbox 420 1838 505 1901; x_wconf 91' lang='lat' dir='ltr'><strong>hanc</strong></span> <span class='ocrx_word' id='word_1_115' title='bbox 520 1838 695 1902; x_wconf 85' lang='lat' dir='ltr'><strong>rhetorices</strong></span> <span class='ocrx_word' id='word_1_116' title='bbox 711 1839 849 1934; x_wconf 86' lang='lat' dir='ltr'><strong>figuram</strong></span> <span class='ocrx_word' id='word_1_117' title='bbox 865 1831 1092 1924; x_wconf 81' lang='grc' dir='ltr'><em>(περίφρασιν,</em></span> <span class='ocrx_word' id='word_1_118' title='bbox 1109 1842 1381 1906; x_wconf 85' lang='lat' dir='ltr'><strong>enumerationem</strong></span> <span class='ocrx_word' id='word_1_119' title='bbox 1398 1865 1473 1928; x_wconf 89' lang='lat' dir='ltr'><strong>par·</strong></span> 
     </span>
     <span class='ocr_line' id='line_1_16' title="bbox 311 1938 1474 2026; baseline 0.005 -26"><span class='ocrx_word' id='word_1_120' title='bbox 311 1939 402 2018; x_wconf 86' lang='lat' dir='ltr'><strong>tium)</strong></span> <span class='ocrx_word' id='word_1_121' title='bbox 424 1939 458 2000; x_wconf 90' lang='lat' dir='ltr'><strong>in</strong></span> <span class='ocrx_word' id='word_1_122' title='bbox 481 1961 541 2001; x_wconf 89' lang='lat' dir='ltr'><strong>usu</strong></span> <span class='ocrx_word' id='word_1_123' title='bbox 557 1959 628 2002; x_wconf 91' lang='lat' dir='ltr'><strong>esse</strong></span> <span class='ocrx_word' id='word_1_124' title='bbox 639 1938 675 2017; x_wconf 79' lang='lat'><strong>³);</strong></span> <span class='ocrx_word' id='word_1_125' title='bbox 695 1939 752 2001; x_wconf 89' lang='lat' dir='ltr'><strong>sed</strong></span> <span class='ocrx_word' id='word_1_126' title='bbox 767 1938 802 2002; x_wconf 90' lang='lat' dir='ltr'><strong>id</strong></span> <span class='ocrx_word' id='word_1_127' title='bbox 820 1938 1067 2024; x_wconf 91' lang='lat' dir='ltr'><strong>philosophiam,</strong></span> <span class='ocrx_word' id='word_1_128' title='bbox 1086 1941 1143 2004; x_wconf 88' lang='lat' dir='ltr'><strong>vix</strong></span> <span class='ocrx_word' id='word_1_129' title='bbox 1164 1962 1204 2004; x_wconf 87' lang='lat' dir='ltr'><strong>ac</strong></span> <span class='ocrx_word' id='word_1_130' title='bbox 1216 1963 1258 2004; x_wconf 90' lang='lat' dir='ltr'><strong>ne</strong></span> <span class='ocrx_word' id='word_1_131' title='bbox 1270 1943 1328 2004; x_wconf 82' lang='lat' dir='ltr'><strong>vix</strong></span> <span class='ocrx_word' id='word_1_132' title='bbox 1343 1941 1474 2026; x_wconf 88' lang='lat' dir='ltr'><strong>quidem</strong></span> 
     </span>
     <span class='ocr_line' id='line_1_17' title="bbox 311 2038 1473 2124; baseline 0.004 -23"><span class='ocrx_word' id='word_1_133' title='bbox 311 2038 522 2102; x_wconf 86' lang='lat' dir='ltr'><strong>elocutionem</strong></span> <span class='ocrx_word' id='word_1_134' title='bbox 545 2040 615 2101; x_wconf 91' lang='lat' dir='ltr'><strong>eius</strong></span> <span class='ocrx_word' id='word_1_135' title='bbox 638 2046 772 2124; x_wconf 88' lang='lat' dir='ltr'><strong>spectat.</strong></span> <span class='ocrx_word' id='word_1_136' title='bbox 810 2038 1015 2124; x_wconf 78' lang='lat' dir='ltr'><strong>Quamquam</strong></span> <span class='ocrx_word' id='word_1_137' title='bbox 1038 2049 1145 2104; x_wconf 90' lang='lat' dir='ltr'><strong>autem</strong></span> <span class='ocrx_word' id='word_1_138' title='bbox 1161 2041 1318 2106; x_wconf 91' lang='lat' dir='ltr'><strong>eiusmodi</strong></span> <span class='ocrx_word' id='word_1_139' title='bbox 1341 2065 1473 2106; x_wconf 91' lang='lat' dir='ltr'><strong>enumc-</strong></span> 
     </span>
     <span class='ocr_line' id='line_1_18' title="bbox 309 2137 1474 2224; baseline 0.004 -24"><span class='ocrx_word' id='word_1_140' title='bbox 309 2138 462 2220; x_wconf 87' lang='lat' dir='ltr'><strong>rationes,</strong></span> <span class='ocrx_word' id='word_1_141' title='bbox 486 2160 569 2224; x_wconf 90' lang='lat' dir='ltr'><strong>quae</strong></span> <span class='ocrx_word' id='word_1_142' title='bbox 591 2137 744 2202; x_wconf 89' lang='lat' dir='ltr'><strong>obvenire</strong></span> <span class='ocrx_word' id='word_1_143' title='bbox 767 2138 879 2220; x_wconf 83' lang='lat' dir='ltr'><strong>solent,</strong></span> <span class='ocrx_word' id='word_1_144' title='bbox 902 2161 964 2203; x_wconf 90' lang='lat' dir='ltr'><strong>non</strong></span> <span class='ocrx_word' id='word_1_145' title='bbox 984 2160 1043 2224; x_wconf 90' lang='lat' dir='ltr'><strong>per</strong></span> <span class='ocrx_word' id='word_1_146' title='bbox 1065 2161 1099 2202; x_wconf 92' lang='lat' dir='ltr'><strong>se</strong></span> <span class='ocrx_word' id='word_1_147' title='bbox 1121 2147 1287 2224; x_wconf 86' lang='lat' dir='ltr'><strong>spectatae</strong></span> <span class='ocrx_word' id='word_1_148' title='bbox 1308 2140 1352 2204; x_wconf 87' lang='lat' dir='ltr'><strong>ad</strong></span> <span class='ocrx_word' id='word_1_149' title='bbox 1373 2148 1474 2205; x_wconf 90' lang='lat' dir='ltr'><strong>mate·</strong></span> 
     </span>
     <span class='ocr_line' id='line_1_19' title="bbox 309 2237 1475 2327; baseline 0.003 -25"><span class='ocrx_word' id='word_1_150' title='bbox 309 2239 394 2302; x_wconf 89' lang='lat' dir='ltr'><strong>riam</strong></span> <span class='ocrx_word' id='word_1_151' title='bbox 420 2237 517 2303; x_wconf 89' lang='lat' dir='ltr'><strong>huius</strong></span> <span class='ocrx_word' id='word_1_152' title='bbox 545 2240 626 2323; x_wconf 90' lang='lat' dir='ltr'><strong>argi.</strong></span> <span class='ocrx_word' id='word_1_153' title='bbox 648 2241 823 2324; x_wconf 88' lang='lat' dir='ltr'><strong>pertinent,</strong></span> <span class='ocrx_word' id='word_1_154' title='bbox 845 2237 1053 2302; x_wconf 87' lang='lat' dir='ltr'><strong>nihilosecius</strong></span> <span class='ocrx_word' id='word_1_155' title='bbox 1073 2249 1198 2324; x_wconf 80' lang='lat' dir='ltr'><strong>tamen,</strong></span> <span class='ocrx_word' id='word_1_156' title='bbox 1221 2245 1475 2327; x_wconf 86' lang='lat' dir='ltr'><strong>quotiescunque</strong></span> 
     </span>
     <span class='ocr_line' id='line_1_20' title="bbox 312 2336 1250 2422; baseline 0.001 -22"><span class='ocrx_word' id='word_1_157' title='bbox 312 2336 469 2421; x_wconf 84' lang='lat' dir='ltr'><strong>singulari</strong></span> <span class='ocrx_word' id='word_1_158' title='bbox 491 2359 569 2400; x_wconf 90' lang='lat' dir='ltr'><strong>sono</strong></span> <span class='ocrx_word' id='word_1_159' title='bbox 593 2338 641 2400; x_wconf 92' lang='lat' dir='ltr'><strong>ori</strong></span> <span class='ocrx_word' id='word_1_160' title='bbox 663 2346 694 2400; x_wconf 93' lang='lat' dir='ltr'><strong>et</strong></span> <span class='ocrx_word' id='word_1_161' title='bbox 715 2337 787 2400; x_wconf 92' lang='lat' dir='ltr'><strong>auri</strong></span> <span class='ocrx_word' id='word_1_162' title='bbox 809 2336 921 2400; x_wconf 87' lang='lat' dir='ltr'><strong>faciles</strong></span> <span class='ocrx_word' id='word_1_163' title='bbox 942 2343 974 2401; x_wconf 90' lang='lat' dir='ltr'><strong>et</strong></span> <span class='ocrx_word' id='word_1_164' title='bbox 995 2343 1108 2420; x_wconf 90' lang='lat' dir='ltr'><strong>gratae</strong></span> <span class='ocrx_word' id='word_1_165' title='bbox 1128 2337 1250 2422; x_wconf 79' lang='lat' dir='ltr'><strong>fiunt4)</strong></span> 
     </span>
    </p>
   </div>
   <div class='ocr_carea' id='block_1_3' title="bbox 309 2452 1475 3332">
    <p class='ocr_par' dir='ltr' id='par_1_3' title="bbox 309 2452 1475 2818">
     <span class='ocr_line' id='line_1_21' title="bbox 390 2452 1475 2539; baseline 0.004 -23"><span class='ocrx_word' id='word_1_166' title='bbox 390 2453 585 2539; x_wconf 89' lang='lat' dir='ltr'><strong>Priusquam</strong></span> <span class='ocrx_word' id='word_1_167' title='bbox 600 2453 642 2517; x_wconf 90' lang='lat' dir='ltr'><strong>ad</strong></span> <span class='ocrx_word' id='word_1_168' title='bbox 657 2453 795 2518; x_wconf 91' lang='lat' dir='ltr'><strong>alterum</strong></span> <span class='ocrx_word' id='word_1_169' title='bbox 809 2453 939 2538; x_wconf 92' lang='lat' dir='ltr'><strong>linguae</strong></span> <span class='ocrx_word' id='word_1_170' title='bbox 954 2452 1140 2517; x_wconf 91' lang='lat' dir='ltr'><strong>thesaurum</strong></span> <span class='ocrx_word' id='word_1_171' title='bbox 1155 2461 1369 2539; x_wconf 85' lang='lat' dir='ltr'><strong>transeamus,</strong></span> <span class='ocrx_word' id='word_1_172' title='bbox 1386 2479 1475 2520; x_wconf 91' lang='lat' dir='ltr'><strong>com-</strong></span> 
     </span>
     <span class='ocr_line' id='line_1_22' title="bbox 309 2551 1475 2639; baseline 0.004 -26"><span class='ocrx_word' id='word_1_173' title='bbox 309 2553 552 2616; x_wconf 89' lang='lat' dir='ltr'><strong>memorandum</strong></span> <span class='ocrx_word' id='word_1_174' title='bbox 576 2558 633 2634; x_wconf 83' lang='lat' dir='ltr'><strong>est,</strong></span> <span class='ocrx_word' id='word_1_175' title='bbox 656 2552 833 2616; x_wconf 82' lang='lat' dir='ltr'><strong>formarum</strong></span> <span class='ocrx_word' id='word_1_176' title='bbox 857 2573 896 2614; x_wconf 88' lang='lat' dir='ltr'><strong>ex</strong></span> <span class='ocrx_word' id='word_1_177' title='bbox 918 2551 1023 2616; x_wconf 87' lang='lat' dir='ltr'><strong>lexico</strong></span> <span class='ocrx_word' id='word_1_178' title='bbox 1043 2551 1308 2639; x_wconf 90' lang='lat' dir='ltr'><strong>depromptarum</strong></span> <span class='ocrx_word' id='word_1_179' title='bbox 1332 2575 1387 2618; x_wconf 91' lang='lat' dir='ltr'><strong>eas</strong></span> <span class='ocrx_word' id='word_1_180' title='bbox 1409 2578 1475 2618; x_wconf 92' lang='lat' dir='ltr'><strong>non</strong></span> 
     </span>
     <span class='ocr_line' id='line_1_23' title="bbox 311 2648 1474 2736; baseline 0.005 -25"><span class='ocrx_word' id='word_1_181' title='bbox 311 2650 466 2714; x_wconf 89' lang='lat' dir='ltr'><strong>strictiori</strong></span> <span class='ocrx_word' id='word_1_182' title='bbox 487 2672 584 2714; x_wconf 89' lang='lat' dir='ltr'><strong>sensu</strong></span> <span class='ocrx_word' id='word_1_183' title='bbox 599 2648 757 2734; x_wconf 88' lang='lat' dir='ltr'><strong>linguales</strong></span> <span class='ocrx_word' id='word_1_184' title='bbox 774 2671 854 2731; x_wconf 83' lang='lat' dir='ltr'><strong>esse,</strong></span> <span class='ocrx_word' id='word_1_185' title='bbox 868 2672 950 2736; x_wconf 90' lang='lat' dir='ltr'><strong>quae</strong></span> <span class='ocrx_word' id='word_1_186' title='bbox 966 2649 1007 2714; x_wconf 89' lang='lat' dir='ltr'><strong>ab</strong></span> <span class='ocrx_word' id='word_1_187' title='bbox 1025 2653 1096 2736; x_wconf 90' lang='lat' dir='ltr'><strong>ipso</strong></span> <span class='ocrx_word' id='word_1_188' title='bbox 1113 2652 1270 2736; x_wconf 90' lang='lat' dir='ltr'><strong>scriptore</strong></span> <span class='ocrx_word' id='word_1_189' title='bbox 1285 2652 1474 2717; x_wconf 89' lang='lat' dir='ltr'><strong>meditando</strong></span> 
     </span>
     <span class='ocr_line' id='line_1_24' title="bbox 309 2748 1467 2818; baseline 0.003 -8"><span class='ocrx_word' id='word_1_190' title='bbox 309 2748 404 2810; x_wconf 88' lang='lat' dir='ltr'><strong>fictae</strong></span> <span class='ocrx_word' id='word_1_191' title='bbox 427 2755 509 2811; x_wconf 89' lang='lat' dir='ltr'><strong>sunt.</strong></span> <span class='ocrx_word' id='word_1_192' title='bbox 1397 2812 1399 2818; x_wconf 86' lang='grc'><strong>,</strong></span> <span class='ocrx_word' id='word_1_193' title='bbox 1460 2804 1467 2813; x_wconf 95' lang='grc'><em>.</em></span> 
     </span>
    </p>

    <p class='ocr_par' dir='ltr' id='par_1_4' title="bbox 309 2845 1475 3332">
     <span class='ocr_line' id='line_1_25' title="bbox 392 2845 1475 2934; baseline 0.005 -25"><span class='ocrx_word' id='word_1_194' title='bbox 392 2845 426 2926; x_wconf 92' lang='lat' dir='ltr'><strong>b)</strong></span> <span class='ocrx_word' id='word_1_195' title='bbox 449 2845 521 2925; x_wconf 72' lang='lat' dir='ltr'><strong>Quo</strong></span> <span class='ocrx_word' id='word_1_196' title='bbox 543 2848 648 2932; x_wconf 88' lang='lat' dir='ltr'><strong>magis</strong></span> <span class='ocrx_word' id='word_1_197' title='bbox 676 2845 819 2911; x_wconf 90' lang='lat' dir='ltr'><strong>dubitari</strong></span> <span class='ocrx_word' id='word_1_198' title='bbox 841 2855 982 2933; x_wconf 81' lang='lat' dir='ltr'><strong>poterat,</strong></span> <span class='ocrx_word' id='word_1_199' title='bbox 1012 2869 1088 2910; x_wconf 92' lang='lat' dir='ltr'><strong>num</strong></span> <span class='ocrx_word' id='word_1_200' title='bbox 1110 2845 1332 2934; x_wconf 80' lang='lat' dir='ltr'><strong>indicia&#39;phil.</strong></span> <span class='ocrx_word' id='word_1_201' title='bbox 1353 2873 1373 2914; x_wconf 92' lang='lat' dir='ltr'><strong>a</strong></span> <span class='ocrx_word' id='word_1_202' title='bbox 1395 2851 1475 2914; x_wconf 90' lang='lat' dir='ltr'><strong>viris</strong></span> 
     </span>
     <span class='ocr_line' id='line_1_26' title="bbox 310 2944 1474 3034; baseline 0.003 -25"><span class='ocrx_word' id='word_1_203' title='bbox 310 2945 432 3010; x_wconf 89' lang='lat' dir='ltr'><strong>criticis</strong></span> <span class='ocrx_word' id='word_1_204' title='bbox 458 2945 563 3030; x_wconf 91' lang='lat' dir='ltr'><strong>primo</strong></span> <span class='ocrx_word' id='word_1_205' title='bbox 590 2945 706 3028; x_wconf 85' lang='lat' dir='ltr'><strong>allata,</strong></span> <span class='ocrx_word' id='word_1_206' title='bbox 737 2947 857 3031; x_wconf 91' lang='lat' dir='ltr'><strong>quippe</strong></span> <span class='ocrx_word' id='word_1_207' title='bbox 888 2968 971 3030; x_wconf 87' lang='lat' dir='ltr'><strong>quae</strong></span> <span class='ocrx_word' id='word_1_208' title='bbox 997 2967 1038 3010; x_wconf 86' lang='lat' dir='ltr'><strong>ex</strong></span> <span class='ocrx_word' id='word_1_209' title='bbox 1065 2944 1197 3010; x_wconf 83' lang='lat' dir='ltr'><strong>lexicali</strong></span> <span class='ocrx_word' id='word_1_210' title='bbox 1225 2944 1356 3030; x_wconf 90' lang='lat' dir='ltr'><strong>linguae</strong></span> <span class='ocrx_word' id='word_1_211' title='bbox 1378 2959 1474 3034; x_wconf 87' lang='lat' dir='ltr'><strong>parte</strong></span> 
     </span>
     <span class='ocr_line' id='line_1_27' title="bbox 309 3043 1471 3132; baseline 0.003 -22"><span class='ocrx_word' id='word_1_212' title='bbox 309 3045 427 3110; x_wconf 89' lang='lat' dir='ltr'><strong>hausta</strong></span> <span class='ocrx_word' id='word_1_213' title='bbox 449 3051 573 3125; x_wconf 88' lang='lat' dir='ltr'><strong>esseut,</strong></span> <span class='ocrx_word' id='word_1_214' title='bbox 594 3043 730 3108; x_wconf 90' lang='lat' dir='ltr'><strong>multum</strong></span> <span class='ocrx_word' id='word_1_215' title='bbox 753 3045 795 3110; x_wconf 91' lang='lat' dir='ltr'><strong>ad</strong></span> <span class='ocrx_word' id='word_1_216' title='bbox 817 3046 1039 3132; x_wconf 90' lang='lat' dir='ltr'><strong>quaestionem</strong></span> <span class='ocrx_word' id='word_1_217' title='bbox 1061 3043 1288 3110; x_wconf 89' lang='lat' dir='ltr'><strong>resolvendam</strong></span> <span class='ocrx_word' id='word_1_218' title='bbox 1310 3047 1471 3114; x_wconf 84' lang='lat' dir='ltr'><strong>valerent:</strong></span> 
     </span>
     <span class='ocr_line' id='line_1_28' title="bbox 310 3145 1475 3232; baseline 0.003 -22"><span class='ocrx_word' id='word_1_219' title='bbox 310 3169 346 3210; x_wconf 92' lang='lat' dir='ltr'><strong>eo</strong></span> <span class='ocrx_word' id='word_1_220' title='bbox 373 3145 497 3208; x_wconf 89' lang='lat' dir='ltr'><strong>firmius</strong></span> <span class='ocrx_word' id='word_1_221' title='bbox 516 3148 712 3232; x_wconf 78' lang='lat' dir='ltr'><strong>¹exspectari</strong></span> <span class='ocrx_word' id='word_1_222' title='bbox 741 3153 876 3232; x_wconf 85' lang='lat' dir='ltr'><strong>poterat,</strong></span> <span class='ocrx_word' id='word_1_223' title='bbox 907 3147 986 3228; x_wconf 86' lang='lat' dir='ltr'><strong>fore,</strong></span> <span class='ocrx_word' id='word_1_224' title='bbox 1008 3155 1045 3210; x_wconf 93' lang='lat' dir='ltr'><strong>ut</strong></span> <span class='ocrx_word' id='word_1_225' title='bbox 1070 3145 1193 3211; x_wconf 89' lang='lat' dir='ltr'><strong>indicia</strong></span> <span class='ocrx_word' id='word_1_226' title='bbox 1214 3151 1475 3232; x_wconf 88' lang='lat' dir='ltr'><strong>grammatica</strong></span> 
     </span>
     <span class='ocr_line' id='line_1_29' title="bbox 310 3237 1472 3332; baseline 0.004 -22"><span class='ocrx_word' id='word_1_227' title='bbox 310 3245 421 3310; x_wconf 89' lang='lat' dir='ltr'><strong>sedulo</strong></span> <span class='ocrx_word' id='word_1_228' title='bbox 445 3243 710 3332; x_wconf 79' lang='lat' dir='ltr'><strong>conquirerentur</strong></span> <span class='ocrx_word' id='word_1_229' title='bbox 732 3254 763 3311; x_wconf 92' lang='lat' dir='ltr'><strong>et</strong></span> <span class='ocrx_word' id='word_1_230' title='bbox 786 3245 828 3311; x_wconf 90' lang='lat' dir='ltr'><strong>ad</strong></span> <span class='ocrx_word' id='word_1_231' title='bbox 849 3246 976 3312; x_wconf 92' lang='lat' dir='ltr'><strong>illorum</strong></span> <span class='ocrx_word' id='word_1_232' title='bbox 999 3245 1126 3332; x_wconf 91' lang='lat' dir='ltr'><strong>pondus</strong></span> <span class='ocrx_word' id='word_1_233' title='bbox 1150 3247 1335 3332; x_wconf 89' lang='lat' dir='ltr'><strong>augendum</strong></span> <span class='ocrx_word' id='word_1_234' title='bbox 1354 3237 1472 3315; x_wconf 87' lang='lat' dir='ltr'><strong>adiice-</strong></span> 
     </span>
    </p>
   </div>
   <div class='ocr_carea' id='block_1_4' title="bbox 307 3493 1474 4408">
    <p class='ocr_par' dir='ltr' id='par_1_5' title="bbox 307 3493 1474 4408">
     <span class='ocr_line' id='line_1_30' title="bbox 378 3493 1474 3565; baseline 0.004 -17"><span class='ocrx_word' id='word_1_235' title='bbox 378 3495 402 3564; x_wconf 84' lang='lat'><strong>1)</strong></span> <span class='ocrx_word' id='word_1_236' title='bbox 421 3500 478 3550; x_wconf 65' lang='lat' dir='ltr'><strong>subu</strong></span> <span class='ocrx_word' id='word_1_237' title='bbox 499 3497 560 3559; x_wconf 63' lang='lat' dir='ltr'><strong>atum</strong></span> <span class='ocrx_word' id='word_1_238' title='bbox 583 3509 618 3547; x_wconf 68' lang='lat' dir='ltr'><strong>an</strong></span> <span class='ocrx_word' id='word_1_239' title='bbox 637 3508 674 3559; x_wconf 60' lang='grc' dir='ltr'><strong>νη</strong></span> <span class='ocrx_word' id='word_1_240' title='bbox 700 3508 757 3547; x_wconf 67' lang='lat' dir='ltr'><strong>sust</strong></span> <span class='ocrx_word' id='word_1_241' title='bbox 779 3507 830 3548; x_wconf 66' lang='lat' dir='ltr'><strong>aar.</strong></span> <span class='ocrx_word' id='word_1_242' title='bbox 853 3524 886 3534; x_wconf 95' lang='lat'><em>—</em></span> <span class='ocrx_word' id='word_1_243' title='bbox 912 3495 938 3561; x_wconf 82' lang='lat'><strong>2)</strong></span> <span class='ocrx_word' id='word_1_244' title='bbox 957 3493 1053 3548; x_wconf 84' lang='lat' dir='ltr'><strong>Eichh.</strong></span> <span class='ocrx_word' id='word_1_245' title='bbox 1070 3513 1099 3564; x_wconf 91' lang='lat' dir='ltr'><strong>p.</strong></span> <span class='ocrx_word' id='word_1_246' title='bbox 1119 3501 1231 3560; x_wconf 79' lang='lat'>53-57;</span> <span class='ocrx_word' id='word_1_247' title='bbox 1253 3495 1305 3565; x_wconf 87' lang='lat' dir='ltr'><strong>llg.</strong></span> <span class='ocrx_word' id='word_1_248' title='bbox 1324 3514 1350 3565; x_wconf 89' lang='lat' dir='ltr'><strong>p.</strong></span> <span class='ocrx_word' id='word_1_249' title='bbox 1370 3500 1426 3551; x_wconf 81' lang='lat'><strong>381.</strong></span> <span class='ocrx_word' id='word_1_250' title='bbox 1441 3527 1474 3536; x_wconf 89' lang='lat'><em>-</em></span> 
     </span>
     <span class='ocr_line' id='line_1_31' title="bbox 314 3578 1474 3650; baseline -0.001 -15"><span class='ocrx_word' id='word_1_251' title='bbox 314 3583 340 3648; x_wconf 82' lang='lat'><strong>3)</strong></span> <span class='ocrx_word' id='word_1_252' title='bbox 357 3593 422 3634; x_wconf 72' lang='lat' dir='ltr'><strong>:arri</strong></span> <span class='ocrx_word' id='word_1_253' title='bbox 440 3593 497 3632; x_wconf 66' lang='lat' dir='ltr'><strong>narr</strong></span> <span class='ocrx_word' id='word_1_254' title='bbox 515 3578 580 3632; x_wconf 90' lang='lat' dir='ltr'><strong>inde</strong></span> <span class='ocrx_word' id='word_1_255' title='bbox 598 3595 615 3632; x_wconf 90' lang='lat' dir='ltr'><strong>a</strong></span> <span class='ocrx_word' id='word_1_256' title='bbox 633 3578 714 3633; x_wconf 89' lang='lat' dir='ltr'><strong>Deut.</strong></span> <span class='ocrx_word' id='word_1_257' title='bbox 735 3584 774 3643; x_wconf 83' lang='lat'><strong>32,</strong></span> <span class='ocrx_word' id='word_1_258' title='bbox 794 3585 834 3634; x_wconf 84' lang='grc'><strong>36.</strong></span> <span class='ocrx_word' id='word_1_259' title='bbox 858 3609 881 3615; x_wconf 97' lang='grc'>-</span> <span class='ocrx_word' id='word_1_260' title='bbox 908 3581 934 3645; x_wconf 82' lang='grc'><strong>4)</strong></span> <span class='ocrx_word' id='word_1_261' title='bbox 953 3578 1027 3632; x_wconf 90' lang='lat' dir='ltr'><strong>Num</strong></span> <span class='ocrx_word' id='word_1_262' title='bbox 1045 3579 1125 3644; x_wconf 83' lang='lat' dir='ltr'><strong>„Sem</strong></span> <span class='ocrx_word' id='word_1_263' title='bbox 1144 3581 1173 3634; x_wconf 91' lang='lat' dir='ltr'><strong>et</strong></span> <span class='ocrx_word' id='word_1_264' title='bbox 1190 3581 1263 3634; x_wconf 87' lang='lat' dir='ltr'><strong>Ham</strong></span> <span class='ocrx_word' id='word_1_265' title='bbox 1285 3579 1474 3650; x_wconf 71' lang='lat' dir='ltr'><strong>estophum</strong></span> 
     </span>
     <span class='ocr_line' id='line_1_32' title="bbox 307 3661 1474 3735; baseline 0.003 -18"><span class='ocrx_word' id='word_1_266' title='bbox 307 3663 381 3732; x_wconf 74' lang='lat' dir='ltr'><strong>(Del.</strong></span> <span class='ocrx_word' id='word_1_267' title='bbox 400 3683 427 3735; x_wconf 87' lang='lat' dir='ltr'><strong>p.</strong></span> <span class='ocrx_word' id='word_1_268' title='bbox 447 3669 515 3730; x_wconf 79' lang='lat'>233),</span> <span class='ocrx_word' id='word_1_269' title='bbox 534 3663 686 3733; x_wconf 86' lang='lat' dir='ltr'><strong>quaeritur.</strong></span> <span class='ocrx_word' id='word_1_270' title='bbox 721 3663 792 3716; x_wconf 89' lang='lat' dir='ltr'><strong>Mihi</strong></span> <span class='ocrx_word' id='word_1_271' title='bbox 810 3661 936 3730; x_wconf 84' lang='lat' dir='ltr'><strong>quidem,</strong></span> <span class='ocrx_word' id='word_1_272' title='bbox 955 3679 1003 3716; x_wconf 91' lang='lat' dir='ltr'><strong>cur</strong></span> <span class='ocrx_word' id='word_1_273' title='bbox 1021 3662 1107 3717; x_wconf 91' lang='lat' dir='ltr'><strong>trium</strong></span> <span class='ocrx_word' id='word_1_274' title='bbox 1134 3665 1278 3734; x_wconf 76' lang='lat' dir='ltr'><strong>nominum</strong></span> <span class='ocrx_word' id='word_1_275' title='bbox 1300 3665 1356 3718; x_wconf 90' lang='lat' dir='ltr'><strong>duo</strong></span> <span class='ocrx_word' id='word_1_276' title='bbox 1378 3682 1474 3720; x_wconf 89' lang='lat' dir='ltr'><strong>mono·</strong></span> 
     </span>
     <span class='ocr_line' id='line_1_33' title="bbox 309 3747 1473 3820; baseline 0.003 -18"><span class='ocrx_word' id='word_1_277' title='bbox 309 3747 419 3818; x_wconf 85' lang='lat' dir='ltr'><strong>syllaba</strong></span> <span class='ocrx_word' id='word_1_278' title='bbox 438 3750 466 3802; x_wconf 90' lang='lat' dir='ltr'><strong>et</strong></span> <span class='ocrx_word' id='word_1_279' title='bbox 483 3747 513 3801; x_wconf 93' lang='lat' dir='ltr'><strong>in</strong></span> <span class='ocrx_word' id='word_1_280' title='bbox 530 3765 605 3802; x_wconf 88' lang='lat' dir='ltr'><strong>mem</strong></span> <span class='ocrx_word' id='word_1_281' title='bbox 616 3747 754 3812; x_wconf 87' lang='lat' dir='ltr'><strong>exeuntia,</strong></span> <span class='ocrx_word' id='word_1_282' title='bbox 774 3747 872 3802; x_wconf 90' lang='lat' dir='ltr'><strong>ordine</strong></span> <span class='ocrx_word' id='word_1_283' title='bbox 889 3748 991 3802; x_wconf 87' lang='lat' dir='ltr'><strong>aetatis</strong></span> <span class='ocrx_word' id='word_1_284' title='bbox 1003 3748 1142 3818; x_wconf 87' lang='lat' dir='ltr'><strong>neglecto,</strong></span> <span class='ocrx_word' id='word_1_285' title='bbox 1159 3752 1394 3820; x_wconf 89' lang='lat' dir='ltr'><strong>componerentur</strong></span> <span class='ocrx_word' id='word_1_286' title='bbox 1405 3756 1473 3819; x_wconf 82' lang='lat' dir='ltr'><strong>(acc.</strong></span> 
     </span>
     <span class='ocr_line' id='line_1_34' title="bbox 309 3831 1474 3904; baseline 0.001 -17"><span class='ocrx_word' id='word_1_287' title='bbox 309 3839 331 3898; x_wconf 85' lang='lat'><strong>5,</strong></span> <span class='ocrx_word' id='word_1_288' title='bbox 351 3837 395 3898; x_wconf 75' lang='lat'><strong>323</strong></span> <span class='ocrx_word' id='word_1_289' title='bbox 425 3837 512 3897; x_wconf 81' lang='lat' dir='ltr'><strong>e,1o;</strong></span> <span class='ocrx_word' id='word_1_290' title='bbox 542 3831 752 3897; x_wconf 76' lang='lat' dir='ltr'><strong>nomin.7,13;</strong></span> <span class='ocrx_word' id='word_1_291' title='bbox 781 3835 803 3896; x_wconf 82' lang='grc'><strong>9,</strong></span> <span class='ocrx_word' id='word_1_292' title='bbox 824 3835 867 3896; x_wconf 84' lang='grc'><strong>18;</strong></span> <span class='ocrx_word' id='word_1_293' title='bbox 898 3836 936 3897; x_wconf 86' lang='grc'><strong>10,</strong></span> <span class='ocrx_word' id='word_1_294' title='bbox 958 3833 1106 3897; x_wconf 67' lang='lat' dir='ltr'><strong>terrm</strong></span> <span class='ocrx_word' id='word_1_295' title='bbox 1135 3839 1170 3887; x_wconf 77' lang='lat' dir='ltr'><strong>uri</strong></span> <span class='ocrx_word' id='word_1_296' title='bbox 1188 3839 1211 3900; x_wconf 87' lang='lat'><strong>9,</strong></span> <span class='ocrx_word' id='word_1_297' title='bbox 1231 3839 1282 3902; x_wconf 84' lang='lat'>23),</span> <span class='ocrx_word' id='word_1_298' title='bbox 1300 3834 1474 3904; x_wconf 85' lang='lat' dir='ltr'><strong>inrhythmi</strong></span> 
     </span>
     <span class='ocr_line' id='line_1_35' title="bbox 309 3914 1474 3988; baseline 0.002 -17"><span class='ocrx_word' id='word_1_299' title='bbox 309 3917 402 3971; x_wconf 91' lang='lat' dir='ltr'><strong>studio</strong></span> <span class='ocrx_word' id='word_1_300' title='bbox 421 3917 489 3972; x_wconf 87' lang='lat' dir='ltr'><strong>satis</strong></span> <span class='ocrx_word' id='word_1_301' title='bbox 508 3934 606 3970; x_wconf 86' lang='lat' dir='ltr'><strong>causae</strong></span> <span class='ocrx_word' id='word_1_302' title='bbox 624 3932 681 3971; x_wconf 93' lang='lat' dir='ltr'><strong>non</strong></span> <span class='ocrx_word' id='word_1_303' title='bbox 699 3914 784 3968; x_wconf 91' lang='lat' dir='ltr'><strong>situm</strong></span> <span class='ocrx_word' id='word_1_304' title='bbox 801 3914 886 3970; x_wconf 88' lang='lat' dir='ltr'><strong>fuisse</strong></span> <span class='ocrx_word' id='word_1_305' title='bbox 904 3915 1029 3982; x_wconf 82' lang='lat' dir='ltr'><strong>videtur3</strong></span> <span class='ocrx_word' id='word_1_306' title='bbox 1048 3919 1103 3983; x_wconf 89' lang='lat' dir='ltr'><strong>sed,</strong></span> <span class='ocrx_word' id='word_1_307' title='bbox 1128 3918 1195 3986; x_wconf 88' lang='lat' dir='ltr'><strong>quia</strong></span> <span class='ocrx_word' id='word_1_308' title='bbox 1212 3919 1285 3972; x_wconf 87' lang='lat' dir='ltr'><strong>Ham</strong></span> <span class='ocrx_word' id='word_1_309' title='bbox 1302 3917 1419 3988; x_wconf 90' lang='lat' dir='ltr'><strong>propius</strong></span> <span class='ocrx_word' id='word_1_310' title='bbox 1437 3921 1474 3973; x_wconf 85' lang='lat' dir='ltr'><strong>ad</strong></span> 
     </span>
     <span class='ocr_line' id='line_1_36' title="bbox 309 3999 1473 4071; baseline -0.001 -15"><span class='ocrx_word' id='word_1_311' title='bbox 309 4003 372 4056; x_wconf 86' lang='lat' dir='ltr'><strong>Sem</strong></span> <span class='ocrx_word' id='word_1_312' title='bbox 389 4001 543 4064; x_wconf 88' lang='lat' dir='ltr'><strong>habitabat,</strong></span> <span class='ocrx_word' id='word_1_313' title='bbox 570 4017 626 4053; x_wconf 87' lang='lat' dir='ltr'><strong>non</strong></span> <span class='ocrx_word' id='word_1_314' title='bbox 643 3999 734 4053; x_wconf 90' lang='lat' dir='ltr'><strong>minus</strong></span> <span class='ocrx_word' id='word_1_315' title='bbox 752 3999 800 4054; x_wconf 91' lang='lat' dir='ltr'><strong>ille</strong></span> <span class='ocrx_word' id='word_1_316' title='bbox 819 3999 885 4054; x_wconf 90' lang='lat' dir='ltr'><strong>ordo</strong></span> <span class='ocrx_word' id='word_1_317' title='bbox 903 4000 933 4054; x_wconf 90' lang='lat' dir='ltr'><strong>in</strong></span> <span class='ocrx_word' id='word_1_318' title='bbox 951 4019 1033 4055; x_wconf 90' lang='lat' dir='ltr'><strong>usum</strong></span> <span class='ocrx_word' id='word_1_319' title='bbox 1051 4001 1172 4068; x_wconf 87' lang='lat' dir='ltr'><strong>venisse,</strong></span> <span class='ocrx_word' id='word_1_320' title='bbox 1196 4019 1280 4071; x_wconf 87' lang='lat' dir='ltr'><strong>quam</strong></span> <span class='ocrx_word' id='word_1_321' title='bbox 1301 4019 1322 4057; x_wconf 92' lang='lat' dir='ltr'><strong>c.</strong></span> <span class='ocrx_word' id='word_1_322' title='bbox 1343 4008 1373 4057; x_wconf 90' lang='lat'><strong>10</strong></span> <span class='ocrx_word' id='word_1_323' title='bbox 1392 4005 1420 4057; x_wconf 89' lang='lat' dir='ltr'><strong>et</strong></span> <span class='ocrx_word' id='word_1_324' title='bbox 1438 4003 1473 4056; x_wconf 91' lang='lat' dir='ltr'><strong>cb</strong></span> 
     </span>
     <span class='ocr_line' id='line_1_37' title="bbox 310 4081 1474 4156; baseline 0.002 -16"><span class='ocrx_word' id='word_1_325' title='bbox 310 4085 513 4156; x_wconf 85' lang='lat' dir='ltr'><strong>geographiam</strong></span> <span class='ocrx_word' id='word_1_326' title='bbox 537 4085 565 4138; x_wconf 91' lang='lat' dir='ltr'><strong>et</strong></span> <span class='ocrx_word' id='word_1_327' title='bbox 588 4084 622 4138; x_wconf 93' lang='lat' dir='ltr'><strong>ob</strong></span> <span class='ocrx_word' id='word_1_328' title='bbox 645 4081 820 4138; x_wconf 87' lang='lat' dir='ltr'><strong>notissimam</strong></span> <span class='ocrx_word' id='word_1_329' title='bbox 837 4083 915 4138; x_wconf 84' lang='lat' dir='ltr'><strong>illam</strong></span> <span class='ocrx_word' id='word_1_330' title='bbox 933 4085 1072 4142; x_wconf 82' lang='lat' dir='ltr'><strong>Geneseos</strong></span> <span class='ocrx_word' id='word_1_331' title='bbox 1095 4086 1246 4152; x_wconf 87' lang='lat' dir='ltr'><strong>rationem,</strong></span> <span class='ocrx_word' id='word_1_332' title='bbox 1276 4087 1312 4140; x_wconf 89' lang='lat' dir='ltr'><strong>ab</strong></span> <span class='ocrx_word' id='word_1_333' title='bbox 1341 4088 1423 4142; x_wconf 89' lang='lat' dir='ltr'><strong>rebus</strong></span> <span class='ocrx_word' id='word_1_334' title='bbox 1446 4089 1474 4142; x_wconf 88' lang='lat' dir='ltr'><strong>et</strong></span> 
     </span>
     <span class='ocr_line' id='line_1_38' title="bbox 309 4167 1474 4244; baseline 0.002 -20"><span class='ocrx_word' id='word_1_335' title='bbox 309 4169 436 4240; x_wconf 90' lang='lat' dir='ltr'><strong>personis</strong></span> <span class='ocrx_word' id='word_1_336' title='bbox 460 4186 477 4221; x_wconf 88' lang='lat' dir='ltr'><strong>a</strong></span> <span class='ocrx_word' id='word_1_337' title='bbox 503 4167 592 4222; x_wconf 88' lang='lat' dir='ltr'><strong>salute</strong></span> <span class='ocrx_word' id='word_1_338' title='bbox 621 4169 649 4221; x_wconf 91' lang='lat' dir='ltr'><strong>et</strong></span> <span class='ocrx_word' id='word_1_339' title='bbox 672 4167 777 4237; x_wconf 91' lang='lat' dir='ltr'><strong>populo</strong></span> <span class='ocrx_word' id='word_1_340' title='bbox 801 4169 890 4224; x_wconf 92' lang='lat' dir='ltr'><strong>electo</strong></span> <span class='ocrx_word' id='word_1_341' title='bbox 913 4171 1105 4225; x_wconf 87' lang='lat' dir='ltr'><strong>remotissimis</strong></span> <span class='ocrx_word' id='word_1_342' title='bbox 1128 4173 1164 4225; x_wconf 90' lang='lat' dir='ltr'><strong>ad</strong></span> <span class='ocrx_word' id='word_1_343' title='bbox 1193 4169 1336 4240; x_wconf 88' lang='lat' dir='ltr'><strong>propiores</strong></span> <span class='ocrx_word' id='word_1_344' title='bbox 1359 4189 1474 4244; x_wconf 84' lang='lat' dir='ltr'><strong>progre-</strong></span> 
     </span>
     <span class='ocr_line' id='line_1_39' title="bbox 311 4251 1474 4327; baseline 0.003 -21"><span class='ocrx_word' id='word_1_345' title='bbox 311 4253 413 4318; x_wconf 88' lang='lat' dir='ltr'><strong>diendi,</strong></span> <span class='ocrx_word' id='word_1_346' title='bbox 443 4251 585 4322; x_wconf 86' lang='lat' dir='ltr'><strong>Japhethi,</strong></span> <span class='ocrx_word' id='word_1_347' title='bbox 615 4251 706 4314; x_wconf 88' lang='lat' dir='ltr'><strong>Hami,</strong></span> <span class='ocrx_word' id='word_1_348' title='bbox 736 4253 810 4308; x_wconf 85' lang='lat' dir='ltr'><strong>Semi</strong></span> <span class='ocrx_word' id='word_1_349' title='bbox 832 4253 963 4325; x_wconf 90' lang='lat' dir='ltr'><strong>deinceps</strong></span> <span class='ocrx_word' id='word_1_350' title='bbox 985 4254 1091 4327; x_wconf 89' lang='lat' dir='ltr'><strong>posteri</strong></span> <span class='ocrx_word' id='word_1_351' title='bbox 1121 4257 1380 4310; x_wconf 89' lang='lat' dir='ltr'><strong>commemorantur.</strong></span> <span class='ocrx_word' id='word_1_352' title='bbox 1420 4257 1474 4313; x_wconf 83' lang='lat' dir='ltr'><strong>Sed</strong></span> 
     </span>
     <span class='ocr_line' id='line_1_40' title="bbox 311 4335 786 4408; baseline 0 -15"><span class='ocrx_word' id='word_1_353' title='bbox 311 4336 470 4408; x_wconf 84' lang='lat' dir='ltr'><strong>exemplum</strong></span> <span class='ocrx_word' id='word_1_354' title='bbox 487 4335 595 4391; x_wconf 89' lang='lat' dir='ltr'><strong>invenis</strong></span> <span class='ocrx_word' id='word_1_355' title='bbox 614 4335 668 4392; x_wconf 89' lang='lat' dir='ltr'><strong>Jes.</strong></span> <span class='ocrx_word' id='word_1_356' title='bbox 686 4342 726 4404; x_wconf 85' lang='lat'><strong>24,</strong></span> <span class='ocrx_word' id='word_1_357' title='bbox 748 4343 786 4394; x_wconf 82' lang='lat' dir='ltr'><strong>ll.</strong></span> 
     </span>
    </p>
   </div>
   <div class='ocr_carea' id='block_1_5' title="bbox 0 0 1622 5042">
    <p class='ocr_par' dir='ltr' id='par_1_6' title="bbox 0 0 1622 5042">
     <span class='ocr_line' id='line_1_41' title="bbox 0 0 1622 5042; baseline 0 0"><span class='ocrx_word' id='word_1_358' title='bbox 0 0 1622 5042; x_wconf 95' lang='lat' dir='ltr'><strong> </strong></span> 
     </span>
    </p>
   </div>
  </div>
 </body>
</html>
