3232 5042
668 367 877 426 -41-

188 523 323 610 legatur,
338 525 453 592 foedus
473 549 535 592 non
552 525 657 607 icisse,
673 525 881 590 nihilominus
897 534 1005 590 autom
1020 527 1115 591 factis
1131 525 1245 592 foedus
1261 521 1353 612 [ergo

189 647 257 688 rem
280 647 346 689 non·
365 623 586 710 exsistentem]
610 623 803 689 observasse
826 626 867 703 (Ἦ
889 629 985 704 capra)
1007 623 1079 689 dici.
1123 625 1175 689 An
1190 623 1266 688 Keil
1288 623 1352 689 sibi

188 723 266 806 vult,
289 725 395 788 Deum
418 727 481 788 iam
505 731 534 807 6,
561 729 597 790 13
619 725 740 788 166116
761 723 876 788 foedus
899 745 970 788 curn
996 724 1089 789 Noah
1110 726 1237 807 iniisse,
1260 725 1351 790 cuius

188 822 329 887 foederis
344 831 457 909 postea
480 843 608 908 semper
627 845 750 888 memor
770 822 890 886 fuerit?
926 821 991 886 Sed
1013 823 1071 886 ita
1092 823 1224 888 foedera
1244 844 1265 886 a
1279 822 1351 886 Deo

187 945 253 987 non
278 923 442 1001 ineuntur,
471 922 511 988 cf.
539 921 719 986 Abramum
751 926 801 1003 12,
828 928 841 985 1
872 931 1023 985 vocatum
1052 931 1084 985 61
1108 929 1154 1005 15,
1178 927 1230 997 18;
1262 924 1353 1003 17,2’

187 1021 303 1087 foedus
325 1023 424 1087 ictum
446 1044 525 1087 esse.
568 1021 728 1107 Denique,
751 1021 838 1108 quod
854 1022 904 1084 aba
921 1032 952 1086 61
970 1022 1062 1087 abrs
1086 1023 1208 1098 attinet,
1230 1022 1351 1085 criticis

188 1120 379 1207 simpliciter
400 1119 626 1206 adstipulatur.
641 1155 683 1166 -
696 1118 848 1184 Deinde
870 1143 922 1184 res
945 1143 1008 1185 non
1030 1120 1152 1185 idcirco
1174 1119 1351 1204 exstingui-

188 1229 250 1295 tur,
274 1219 350 1305 quia
371 1217 423 1282 vel
446 1216 544 1282 semel
565 1217 617 1281 vel
640 1239 720 1282 varo
744 1217 788 1296 fit,
811 1219 850 1283 ef.
874 1241 905 1304 p.
929 1223 976 1284 37.

270 1325 300 1396 e)
311 1315 399 1403 Apte
412 1339 498 1382 nunc
513 1315 555 1381 ad
571 1317 763 1381 sententiam
779 1316 1069 1403 exponderandam
1083 1315 1352 1400 transgredimun

187 1437 244 1480 eas
264 1437 328 1496 res,
352 1413 468 1501 quibus
490 1413 636 1500 singulae
653 1413 756 1478 Penti.
780 1422 890 1499 partes
913 1413 1107 1501 discrepent,
1130 1414 1227 1479 rebus
1249 1414 1351 1478 multo

187 1513 345 1600 pluribus,
368 1513 486 1600 quibus
509 1514 721 1594 consentiant,
745 1515 832 1578 omni
854 1513 999 1600 pondere
1019 1515 1155 1600 privari,
1167 1514 1218 1578 ef.
1242 1537 1352 1600 praec·

186 1612 272 1694 Keil,
289 1637 320 1698 p.
339 1619 406 1680 154.
420 1618 479 1680 158
493 1635 535 1679 66.
565 1612 601 1677 Si
623 1612 666 1676 ad
687 1611 776 1677 illam
800 1614 869 1677 eius
892 1614 1083 1682 sententiam
1105 1611 1351 1677 convellendam

188 1715 270 1778 satis
284 1712 478 1777 haberemus
493 1712 627 1794 dixisse,
650 1735 720 1776 eam
736 1712 858 1798 logices
876 1711 1003 1798 legibus
1020 1712 1114 1798 plane
1132 1712 1271 1791 excludi,
1288 1713 1352 1776 nisi

186 1811 365 1880 formaliter
387 1834 458 1876 cum
477 1834 541 1875 non
555 1812 765 1888 vicissemus;
787 1820 962 1898 propterea
975 1811 1062 1876 hanc
1076 1815 1352 1899 opportunitatem

190 1914 278 1976 nacti
300 1913 534 1994 examinemus,
549 1909 710 1996 quomodo
726 1912 856 1974 evenire
871 1912 1021 1997 potuerit,
1043 1921 1079 1976 11
1093 1912 1255 1978 nonnullis
1270 1935 1353 1978 com.

187 2009 339 2075 munibus
361 2009 458 2073 rebus
480 2010 652 2074 universus
676 2007 807 2072 Pentus.
831 2017 863 2072 et
883 2018 1037 2095 tanquam
1064 2011 1159 2074 unius
1185 2011 1352 2096 scriptoris

187 2111 269 2176 liber
290 2110 484 2198 probaretur
506 2119 537 2175 et
558 2133 578 2174 a
600 2112 722 2174 ceteris
738 2109 831 2174 libris
854 2109 1043 2175 discederet.
1067 2147 1108 2157 -
1130 2111 1213 2176 (lum
1242 2132 1352 2176 omnes

187 2209 290 2276 Ρ6111.
312 2211 417 2273 fontes
447 2209 498 2284 (61.
523 2208 658 2293 Schrad.
681 2207 799 2272 introd.
827 2231 857 2293 p.
876 2210 949 2290 269)
980 2209 1143 2273 nonnullis
1166 2210 1264 2275 rebus
1299 2210 1352 2292 (cf.

188 2310 600 2391 111161111661611611,
631 2310 771 2394 ingenue
793 2309 956 2394 profiteor,
988 2331 1038 2372 mc
1065 2309 1168 2395 probe
1202 2311 1352 2388 sensisse,

187 2433 282 2495 quam
305 2411 417 2496 gravis
448 2411 475 2474 is
497 2408 581 2495 lapis
603 2410 654 2490 sit,
684 2431 748 2496 quo
769 2408 847 2472 Keil
867 2432 901 2496 p.
927 2415 982 2476 161
1006 2412 1074 2475 init.
1097 2419 1208 2498 sperat
1228 2411 1297 2476 1616
1318 2420 1355 2473 11

187 2509 393 2594 nuperiorum
421 2507 461 2571 de
483 2507 588 2572 Ρ6111.
616 2507 849 2594 compositione
882 2509 1060 2572 sententiae
1094 2531 1158 2572 non
1187 2508 1289 2574 solum
1320 2531 1354 2572 66

187 2609 371 2695 impingant
402 2606 459 2670 sed
495 2607 591 2671 611611
627 2617 891 2691 conquassentur.
907 2608 928 2682 ¹)
986 2607 1050 2672 Sed
1082 2609 1230 2695 quamvis
1260 2631 1292 2694 p.
1313 2613 1353 2673 29

187 2707 423 2774 Wellhausenii
446 2708 648 2790 sententiam,
671 2730 712 2772 ex
738 2725 750 2778 1
772 2705 867 2771 111616
889 2708 1014 2772 formae
1036 2710 1213 2773 communis
1236 2725 1298 2774 sart
1318 2717 1354 2774 11

187 2807 286 2872 multo
304 2815 378 2894 post
390 2807 513 2876 ¹addita
528 2807 617 2871 nulla
632 2816 782 2892 exparte
798 2806 947 2871 concludi
962 2830 1068 2893 posse,
1084 2808 1245 2894 quomodo
1260 2831 1353 2894 pron.

187 2912 217 2974 3.
240 2929 291 2992 ps.
319 2904 555 2992 antiquioribus
589 2905 727 2969 sacculis
749 2907 1000 2990 pronunciatum
1028 2907 1069 2970 sit
1095 2906 1354 2992 reprobaverimz

188 3018 275 3070 16616
298 3014 406 3069 tamen
427 3003 512 3068 idem
534 3005 587 3067 vir
609 3003 723 3068 doctus
746 3005 899 3069 statuisse
920 3004 1000 3068 mihi
1017 3004 1146 3068 videtur
1167 3005 1297 3083 (introd.
1320 3031 1353 3090 p.

190 3110 271 3184 152),
292 3103 366 3167 illas
387 3125 439 3168 166
461 3125 646 3168 communes
667 3127 732 3168 non
754 3103 914 3168 eiusmodi
937 3125 1018 3184 6666,
1039 3125 1122 3189 quae
1143 3104 1289 3168 Pentum.
1311 3105 1354 3168 ab

188 3225 251 3267 uno
274 3203 432 3288 scriptum
455 3223 526 3266 esse
542 3201 806 3279 demonstrent.²)
842 3202 984 3267 Omnino
1007 3204 1092 3265 enim
1108 3200 1174 3265 dici
1194 3200 1280 3285 licet,
1299 3224 1354 3266 eas

188 3301 243 3366 vel
271 3301 313 3366 ab
333 3301 407 3368 Jha.
430 3301 616 3388 suppletore
640 3300 694 3366 vel
716 3324 736 3365 a
757 3302 861 3367 Ρ6111.
882 3303 1019 3368 tondum
1050 3303 1267 3388 compositore
1293 3301 1353 3382 vel,

175 3424 271 3488 ¹quos
294 3401 395 3466 fuisse
416 3424 501 3466 nunc
523 3400 616 3465 multi
635 3400 794 3483 dictitant,
818 3399 1031 3466 diasceuastis
1054 3407 1119 3480 aut,
1141 3401 1168 3464 si
1189 3399 1300 3488 aliqua
1321 3403 1354 3465 in

189 3510 283 3587 parte
305 3505 370 3566 iam
386 3501 531 3585 aderant,
555 3509 667 3566 auctas
681 3509 746 3584 aut,
771 3503 798 3565 si
814 3500 920 3566 adhuc
935 3523 1071 3588 prorsus
1087 3500 1231 3583 deerant,
1247 3501 1353 3566 illatas

189 3623 269 3667 esse.
293 3601 339 3666 Et
351 3601 464 3688 quidni
486 3601 527 3666 ab
550 3600 736 3666 auctoribus
757 3602 892 3668 fontium
908 3602 1125 3687 posteriorum
1142 3601 1267 3687 priores
1284 3603 1353 3665 sive

188 3699 391 3766 imitantibus
414 3703 482 3765 sive
504 3723 568 3766 161
589 3700 793 3766 imitantibus
815 3703 921 3787 ipsis?
965 3700 1061 3781 Quod
1081 3700 1354 3788 quemadmodum

188 3803 325 3886 cogitari
344 3803 460 3887 possit,
487 3824 519 3887 p.
544 3805 584 3868 69
614 3799 783 3865 ostendere
809 3803 881 3866 ausi
914 3823 1034 3866 sumus.
1081 3801 1149 3864 Nec
1174 3822 1252 3864 vero
1279 3799 1355 3864 licet

257 4051 282 4117 1)
301 4048 390 4128 Facili
407 4050 522 4119 negotio
540 4063 604 4102 enm
625 4047 662 4101 ad
680 4047 756 4101 latus
780 4047 868 4102 volvit
891 4046 1012 4116 Spinoza
1032 4066 1061 4117 p.
1086 4053 1132 4102 114
1156 4062 1218 4112 ‚aaa
1242 4049 1271 4102 et
1293 4062 1353 4112 1611,

186 4134 308 4188 mutatio
331 4131 433 4189 literae
458 4147 467 4185 1
489 4133 519 4186 in
536 4147 546 4173 ³
564 4132 594 4186 in
616 4131 700 4185 Hebr.
722 4129 822 4202 lingua
843 4133 975 4201 frequens
998 4133 1070 4195 est“;
1100 4131 1134 4186 de
1156 4129 1211 4184 alia
1233 4147 1302 4185 voca
1319 4131 1353 4186 cf.

188 4217 258 4274 0161.
277 4237 303 4288 p.
326 4218 402 4272 XIII.
426 4217 476 4274 col.
501 4219 525 4274 b.
547 4215 728 4288 „saepissime
751 4247 783 4256 -
807 4216 928 4271 debuit‘⁴.
953 4247 986 4258 ·-
1009 4216 1035 4284 2)
1058 4213 1156 4270 eodem
1178 4213 1262 4269 modo
1286 4214 1356 4270 Graf

187 4308 260 4371 1666,
277 4320 305 4380 p.
325 4307 382 4358 112.
