3232 5042
783 349 1058 440 --1a--¹

220 559 228 575 .
305 517 368 583 sibi
389 513 608 603 respondent?
653 513 737 576 Num
761 509 887 596 „pullus
909 507 1039 574 avium“
1064 509 1139 601 (bris
1161 532 1192 595 p.
1207 510 1259 592 45)
1283 509 1361 573 alibi
1382 507 1465 573 desi-

303 616 453 704 gnandus
477 613 569 680 eret?
604 612 687 676 Num
709 611 828 676 locutio
853 627 920 690 rina
940 611 979 676 ‘ar
996 609 1075 700 aba,
1097 629 1180 696 quae
1202 608 1322 674 locutio
1343 609 1466 674 ibidem

303 740 364 804 pro
387 714 526 802 simplici
541 729 609 792 rum
624 709 790 775 afferenda
805 718 884 790 erat,
903 715 1037 794 praeter
1052 707 1140 773 locos
1162 705 1311 774 laudatos
1335 708 1465 774 obviam

305 816 397 882 erat?
440 815 607 899 Denique,
630 810 686 875 ubi
709 817 838 896 praeter
858 809 954 876 Num.
977 815 995 874 5
1018 809 1192 891 „intumuit
1215 811 1344 873 venter“
1365 808 1466 874 verbo

305 934 377 982 nnn
400 913 647 1002 exprimendum
670 909 754 975 fuit?

388 1064 417 1134 c)
441 1057 534 1136 Num,
557 1063 592 1118 ut
613 1052 694 1117 illud
707 1049 887 1138 periculum
908 1051 1061 1135 fugiatur,
1081 1073 1205 1136 argum.
1221 1073 1263 1114 ex
1283 1051 1385 1114 variis
1400 1049 1465 1113 Dei

304 1153 487 1220 nominibus
503 1154 638 1238 petitum
655 1174 674 1215 a
689 1151 894 1237 philologieis
908 1147 1140 1232 seiungendum
1151 1148 1222 1212 est?
1239 1149 1310 1212 Non
1326 1147 1467 1226 videtur,

304 1253 380 1319 licet
401 1255 484 1317 enim
512 1253 614 1316 variis
639 1249 807 1315 vocabulis
834 1249 946 1313 variae
974 1249 1146 1313 animantis
1174 1247 1344 1314 cuiusdam
1367 1249 1465 1334 signi*-

305 1355 439 1418 ficentur
455 1362 560 1434 notae,
578 1349 759 1415 substantia
771 1356 878 1413 tamen
892 1347 1005 1412 eadem
1022 1355 1079 1430 est,
1096 1356 1127 1413 et
1141 1349 1226 1433 quia,
1244 1347 1466 1412 accidentibus

307 1463 339 1518 et
367 1449 658 1536 significationibus
682 1447 899 1530 variantibus,
928 1470 980 1511 res
1006 1449 1079 1533 ipsa
1105 1471 1169 1512 non
1198 1458 1353 1530 mutatur,
1382 1448 1466 1510 vari-

306 1551 431 1616 ationes
462 1549 627 1613 nominum
656 1546 801 1630 linguam
830 1554 987 1630 spectant.
1030 1545 1132 1632 Atqui
1161 1569 1202 1610 ne
1224 1547 1314 1610 Deus
1338 1546 1467 1634 quidem

291 1646 390 1714 ‘notis
418 1645 621 1711 variantibus
651 1647 728 1709 solis
756 1645 951 1721 continetur,
977 1644 1034 1708 sed
1060 1644 1184 1730 aliquid
1209 1667 1268 1731 per
1290 1668 1324 1710 se
1347 1669 1371 1710 s.
1394 1645 1467 1710 sub·

307 1747 427 1812 stantia
453 1752 517 1825 est,
545 1745 636 1808 ouius
665 1742 770 1828 gloria
798 1765 933 1806 manens
954 1744 988 1806 in
1015 1742 1179 1808 attributis
1202 1742 1356 1830 deinceps
1380 1753 1468 1830 pate

305 1847 402 1912 factis
424 1843 619 1929 resplendet.
651 1842 761 1921 Quare
781 1842 846 1906 Dei
867 1843 999 1906 nomina
1020 1866 1083 1906 non
1105 1843 1212 1907 minus
1233 1842 1370 1907 formam
1392 1866 1468 1908 oon·

307 1954 451 2026 cernunt,
475 1965 574 2030 quam
595 1965 645 2006 ex.
670 1965 696 2005 c.
712 1941 978 2028 Mesopotamiae.
993 1978 1034 1987 —
1050 1941 1115 2007 sed
1131 1942 1299 2026 Hagarem
1320 1953 1351 2006 et
1365 1942 1467 2008 Ketu·

306 2068 378 2108 ram
408 2043 471 2109 Gn.
501 2048 548 2125 16,
572 2047 605 2118 3;
629 2046 678 2124 25,
703 2049 717 2107 1
743 2047 828 2122 nain,
851 2047 900 2121 25,
923 2047 942 2108 6
965 2043 1092 2107 mutabo
1109 2042 1296 2126 significari,
1319 2065 1387 2106 rem
1409 2065 1468 2107 neo

306 2145 451 2227 linguam
478 2141 557 2206 mihi
585 2148 733 2227 spectare
760 2141 903 2217 videtur,
935 2143 1011 2226 quia
1036 2140 1092 2206 illa
1122 2141 1281 2206 vocabula
1307 2165 1372 2206 non
1394 2152 1469 2206 sunt

307 2265 447 2309 nomma.

392 2384 425 2466 d)
454 2383 661 2470 Quamquam
687 2405 801 2468 porro,
826 2390 977 2468 partesue
1007 2382 1138 2468 linguae
1168 2405 1298 2469 prorsus
1327 2385 1468 2448 interae

309 2506 510 2570 synonymae
539 2490 667 2546 exstent
692 2504 812 2565 neone,
844 2481 986 2546 dubitari
1018 2490 1136 2568 potest,
1169 2482 1248 2546 mihi
1279 2485 1376 2547 ctiam
1404 2483 1469 2548 alia

309 2605 392 2671 quae
414 2583 577 2647 lexicon
602 2589 749 2666 spectant
764 2591 851 2646 reete
867 2605 887 2645 a
902 2583 980 2647 viris
998 2581 1101 2646 doctis
1126 2583 1254 2647 formali
1276 2583 1468 2648 indiciorum

308 2685 395 2770 parti
426 2689 641 2746 annumerata
674 2703 746 2746 esse
777 2681 936 2746 videntur.
986 2683 1063 2747 Duo
1096 2685 1180 2747 enim
1212 2705 1323 2748 eorum
1350 2704 1469 2768 genera

308 2782 466 2866 distingui
487 2802 584 2866 posse
608 2779 769 2862 videntur,
791 2803 926 2866 quorum
950 2785 984 2860 α)
1010 2781 1119 2866 prius
1143 2803 1181 2845 ea
1202 2779 1363 2846 voeabula
1384 2803 1468 2846 eom·

308 2882 473 2968 plectitur,
502 2902 638 2966 quorum
667 2879 913 2966 principalis
940 2888 1030 2964 nota,
1059 2883 1092 2944 in
1115 2903 1249 2965 quares
1271 2883 1345 2967 ipsa
1363 2882 1469 2968 posita

308 2989 366 3064 est,
388 2979 464 3043 inde
487 3001 506 3042 a
528 2978 690 3043 natalibus
714 2981 779 3043 suis
802 3001 876 3044 eum
898 2979 970 3044 aliis
994 2983 1172 3045 communis
1195 2990 1255 3046 est.
1298 2979 1468 3044 Eiusmodi

307 3080 438 3165 linguae
459 3087 569 3165 partes
593 3078 655 3142 sibi
670 3080 809 3142 invicem
826 3102 960 3165 prorsus
985 3079 1105 3143 similes
1120 3081 1224 3144 factas
1241 3103 1321 3162 esse,
1344 3090 1379 3143 ut
1394 3102 1467 3142 oon·

308 3181 422 3256 nedae,
450 3201 619 3266 compares
648 3183 756 3246 naman
784 3189 815 3243 et
843 3181 933 3245 ηδτ-ιη
963 3185 1017 3263 13,
1041 3189 1058 3244 3
1082 3180 1168 3267 quod
1199 3189 1387 3268 utrumque,
1409 3181 1470 3245 etsi

308 3280 401 3344 alteri
424 3278 525 3343 altera
547 3286 623 3343 nota
646 3279 808 3343 sensibilis
827 3283 911 3344 inest
933 3303 957 3346 s.
980 3278 1116 3343 alterum
1140 3280 1181 3344 ab
1205 3280 1306 3346 altera
1328 3283 1469 3367 imagine

308 3380 467 3462 originem
491 3378 599 3455 duxit,
622 3378 697 3442 inde
719 3387 827 3442 tamen
852 3378 893 3442 ab
916 3379 1008 3444 initio
1032 3381 1172 3464 primam
1195 3380 1246 3444 vel
1269 3389 1395 3463 partem
1416 3379 1469 3444 vel

309 3477 526 3540 conditionem
549 3478 596 3540 rei
619 3477 669 3541 vel
693 3488 825 3540 eventus
849 3477 1008 3562 designat.
1059 3479 1188 3561 Wellh,
1213 3479 1329 3544 Gesoh.
1353 3503 1385 3565 p.
1409 3484 1469 3546 399

309 3575 349 3638 de
375 3596 411 3638 eo
433 3574 593 3640 vocabulo
616 3573 696 3637 mihi
717 3577 863 3659 argutari
886 3576 1017 3640 videtur
1030 3578 1063 3659 ¹).
1105 3577 1139 3661 p)
1163 3576 1340 3642 Alterum
1368 3600 1470 3662 genus

309 3698 347 3740 ea
361 3671 522 3746 voeabula
539 3674 793 3760 comprehendit,
812 3697 904 3761 quae,
925 3677 957 3740 in
973 3687 1050 3740 nota
1067 3679 1299 3742 accessoria
1313 3700 1384 3742 cum
1398 3677 1470 3742 aliis

308 3776 536 3860 congruentia,
566 3774 775 3843 nihilosecius
806 3775 1002 3862 loquentium
1032 3776 1083 3841 vel
1107 3776 1315 3842 scribentium
1339 3800 1469 3844 consue-

310 3876 422 3941 tudine
444 3875 625 3961 promiscue
646 3884 804 3958 usurpata
827 3885 907 3940 sunt.
943 3875 1099 3940 Fortasse
1122 3877 1184 3941 huc
1203 3875 1376 3942 referenda
1399 3886 1473 3941 sunt

378 4124 402 4195 1)
421 4123 512 4194 Magis
532 4120 620 4176 etiam
636 4120 693 4174 huo
709 4120 993 4196 pertinerelvidentur
1005 4122 1119 4178 nomina
1135 4123 1171 4177 ab
1189 4093 1286 4179 eadem
1298 4124 1386 4194 stirpe
1404 4123 1475 4180 deri·

310 4211 383 4272 vata,
401 4211 433 4263 ut
455 4210 511 4277 pau
533 4205 562 4260 et
588 4207 676 4270 nstin,
707 4217 739 4276 γρ
761 4207 790 4260 et
811 4218 862 4276 unp
884 4208 948 4272 cet.;
975 4224 1028 4262 neo
1055 4206 1147 4261 minus
1168 4208 1266 4271 verba,
1298 4210 1329 4262 ut
1350 4204 1429 4262 tasas
1445 4210 1474 4262 et

308 4307 384 4345 estu
404 4298 443 4357 30,
463 4297 507 4356 40,
526 4304 576 4363 prs,
596 4292 657 4362 ptos,
675 4301 738 4356 uera,
758 4283 822 4358 aben
841 4305 884 4361 aaa
901 4293 931 4347 et
948 4294 1018 4362 unta,
1036 4306 1088 4357 me,
1107 4305 1159 4357 sae,
1177 4304 1234 4356 '¹295
1253 4291 1317 4347 alia.
1361 4337 1364 4342 .
1386 4337 1389 4343 ,
1439 4337 1443 4343 ,
