3232 5042
643 380 853 450 *552

162 541 340 606 contrarias
363 539 518 604 ducamus
540 541 569 606 ei
592 548 844 606 consentaneas!
860 543 881 620 ¹)
897 578 935 588 -
956 543 1091 622 Quoties
1112 543 1253 626 tandem,
1271 545 1326 632 qui

162 643 245 708 inter
272 639 424 728 aequales
450 649 578 706 nostros
602 640 781 706 Lutherum
805 641 947 706 maxime
970 642 1173 708 admirantur
1196 644 1328 730 eiusque

163 742 283 828 scripta
300 740 505 806 sedulissimo
521 739 737 828 perlegerunt,
753 741 874 806 formas
891 741 977 806 illius
993 741 1124 828 linguae
1138 743 1328 807 imitantur?

165 841 279 906 Nonne
300 863 376 906 raro
397 839 451 904 vel
472 840 662 928 nunquam?
700 840 786 905 Sane
809 842 938 928 quando
961 841 1049 906 locos
1071 841 1252 906 Bibliorum
1277 842 1329 908 vel

166 940 354 1006 catechismi
375 939 561 1022 laudamus,
589 939 728 1004 formam
757 963 868 1006 eorum
898 942 1062 1028 propriam
1085 944 1261 1006 retinemus
1286 943 1329 1024 (et

162 1042 233 1126 quis
262 1049 326 1123 est,
350 1042 405 1127 qui
432 1041 576 1126 ignoret,
600 1049 800 1128 quantopere
827 1063 866 1106 ea
894 1063 1021 1128 quoque
1051 1042 1168 1104 sensim
1198 1040 1329 1127 linguae

168 1144 317 1206 continuo
341 1163 375 1206 se
396 1141 536 1204 mutanti
551 1139 710 1227 adaptata
730 1139 805 1218 sitl)
826 1162 886 1208 nec
908 1141 1016 1205 minus
1038 1140 1184 1206 historici
1206 1141 1239 1204 in
1260 1141 1328 1206 fon·

162 1240 248 1305 tibus
273 1263 380 1306 rerum
396 1238 591 1304 traditarum
606 1238 791 1304 indicandis
812 1239 975 1304 interdum
991 1239 1134 1304 indolem
1156 1241 1329 1326 pristinam

163 1350 311 1418 servant;
324 1340 381 1405 sed
398 1346 431 1402 ut
446 1337 564 1424 aliquis
581 1339 710 1424 singula
725 1339 861 1403 Lutheri
876 1341 1006 1404 nomina
1021 1339 1073 1403 uel
1084 1341 1207 1404 formas
1223 1363 1329 1425 gram-

163 1442 302 1504 maticas
325 1439 465 1504 orationi
480 1441 610 1514 inserat,
625 1440 685 1502 vix
708 1461 747 1502 ac
762 1436 802 1502 ne
823 1440 881 1504 vix
899 1438 1028 1526 quidem
1051 1439 1096 1504 lit.
1125 1439 1211 1504 Num
1232 1441 1331 1525 igitur

166 1547 307 1604 statuere
329 1539 416 1621 licet,
433 1537 709 1623 apudyHebraeos
726 1539 899 1625 posteriori
915 1537 1053 1602 hitoriae
1073 1547 1221 1626 tempore
1243 1539 1329 1604 idem

165 1647 233 1731 tam
248 1662 347 1725 saepe
366 1639 489 1704 factum
505 1639 612 1722 esse‘d
631 1638 697 1704 Sed
716 1662 815 1726 supra
831 1640 912 1714 dixi,-
925 1638 1001 1702 inde
1023 1660 1088 1702 non
1104 1639 1330 1702 certitudinem

139 1824 142 1829 ¹
165 1738 224 1804 sed
237 1733 565 1804 ¹verisimilitudinem
587 1738 681 1822 effici,
704 1761 764 1802 nec
785 1738 865 1802 mihi
884 1738 999 1802 videor
1021 1761 1093 1802 eam
1108 1739 1331 1825 quaestionem

169 1837 353 1922 diremisse,
378 1838 435 1902 sed
458 1861 518 1924 pro
540 1838 659 1902 virium
689 1837 819 1902 modulo
844 1847 918 1902 ante
941 1837 1053 1902 oculos
1074 1840 1221 1902 virorum
1245 1839 1330 1902 criti·

92 1927 93 1932 ¹
165 1961 278 2002 corum
301 1940 459 2026 posuisse.
480 1975 520 1984 —
538 1937 584 2002 Ut
605 1937 794 2023 explicaret,
818 1960 875 2000 cur
896 1937 1086 2002 exilieorum
1105 1946 1142 2002 et
1164 1937 1333 2024 postexili·
1410 1925 1412 1929 ¹

162 2061 276 2102 corum
305 2037 434 2102 demum
463 2037 618 2102 librorum
650 2035 751 2100 multa
780 2059 853 2102 oum
881 2035 994 2101 Pento.
1025 2039 1240 2120 consentiant,
1265 2040 1330 2104 iam

164 2137 251 2204 Hdv.
274 2161 304 2224 p.
330 2143 387 2206 182
412 2138 695 2220 commemoravit,
718 2135 831 2200 eodem
854 2135 982 2200 demum
1006 2146 1153 2222 ternpore
1174 2137 1331 2224 populum

162 2260 291 2302 omnem
315 2260 406 2301 suam
427 2238 527 2302 vitam
551 2237 594 2301 ad
609 2236 697 2324 leges
720 2235 822 2300 Mosis
846 2235 1077 2300 conformasse.
1099 2273 1140 2282 -
1162 2237 1235 2301 Non
1257 2260 1329 2324 per·

161 2338 246 2402 fecte
268 2336 425 2422 intelligo,
448 2336 527 2424 quid
541 2336 691 2400 Kleinert
705 2359 737 2422 p.
753 2341 815 2402 214
835 2359 860 2402 s.
883 2334 994 2399 verbis
1010 2335 1158 2400 obscuris
1173 2339 1252 2419 „Bai
1273 2337 1330 2400 der

161 2435 241 2502 bibl.
257 2436 423 2502 Literatur
439 2475 478 2483 —
494 2434 868 2502 zusammenzuwerfen“
891 2435 953 2498 sibi
968 2434 1063 2511 velit;
1085 2436 1141 2498 sed
1158 2444 1235 2521 puto
1258 2458 1329 2500 eum

163 2536 369 2614 contendere,
391 2536 492 2601 libros
512 2536 686 2622 religiosae
705 2534 834 2618 indolis,
858 2557 940 2622 quae
963 2536 1031 2598 eius
1056 2536 1098 2598 sit
1120 2533 1281 2600 stabilitas
1295 2537 1330 2599 in

158 2637 353 2718 variatione,
370 2636 498 2702 facilius
509 2659 606 2724 quam
618 2635 700 2700 alios
713 2657 810 2723 posse
820 2635 925 2698 videri
938 2654 980 2699 ex
993 2635 1174 2700 imitatione
1185 2634 1330 2712 fluxisse,

161 2737 247 2801 Eam
271 2744 380 2800 autem
395 2736 607 2802 stabilitatem
621 2737 686 2801 nisi
708 2750 847 2822 parvam
862 2734 1010 2800 lexicalis
1033 2737 1180 2800 materiei
1203 2743 1330 2824 partem

159 2835 243 2900 nihil
267 2843 430 2922 spectare,
458 2859 535 2920 ergo
563 2859 627 2900 non
656 2835 698 2898 ad
720 2843 824 2900 totum
845 2834 998 2912 lexicon,
1016 2834 1134 2898 nedum
1157 2835 1200 2898 ad
1222 2858 1330 2920 gram-

164 2937 306 3022 maticen
331 2946 362 2998 et
383 2935 567 3000 rhetoricen
596 2939 773 3020 pertinere,
795 2936 1003 2998 manifestum
1026 2943 1083 2999 est.
1106 2971 1146 2980 -
1168 2935 1232 2998 Hic
1254 2958 1331 2999 666-

162 3037 253 3098 feras
276 3033 364 3098 Graf
384 3039 462 3103 1866
484 3058 516 3121 p.
536 3039 569 3112 33
589 3034 705 3098 Riehm
723 3039 803 3102 1868
826 3057 856 3120 p.
877 3039 953 3116 ,3573
974 3032 1069 3098 Merx
1087 3039 1164 3100 1871
1189 3057 1219 3120 p.
1243 3033 1331 3109 CVI,
1402 3093 1405 3100 ,

124 3123 128 3170 s
161 3133 280 3198 Riehrn
306 3138 384 3202 1872
406 3157 435 3220 p.
458 3139 536 3217 2883
559 3133 663 3220 Kays.
680 3157 709 3220 p.
731 3138 874 3202 136166
894 3157 940 3212 sa,
961 3132 1099 3197 namibi
1122 3133 1161 3196 de
1184 3134 1331 3198 terminis

164 3233 380 3314 techniois,
404 3233 600 3298 iuristiois
624 3242 664 3299 61.
686 3233 868 3318 loquuntur.
1037 3221 1038 3224 ¹

250 3373 279 3446 c)
312 3362 464 3453 Denique
499 3375 722 3453 praesumunt,
758 3365 934 3450 lingualem
969 3368 1126 3452 cuiusque
1143 3367 1331 3452 scriptoris

166 3468 353 3533 thesaurum
391 3468 487 3532 certis
523 3474 555 3531 et
589 3467 767 3531 inaccessis
803 3469 904 3530 muris
938 3465 1216 3531 circumvallatum
1253 3488 1332 3530 esse.

166 3569 299 3633 Diserte
333 3565 463 3655 quidem
499 3557 600 3633 nemo
627 3566 807 3655 usquedum
840 3567 923 3632 hanc
955 3567 1252 3654 praesumptionem
1284 3577 1331 3630 at·

168 3669 256 3744 tulit,
284 3668 344 3732 sed'
370 3689 409 3733 ea
436 3678 589 3753 tanquam
619 3667 864 3733 fundamentum
887 3665 1153 3732 demonstrationi
1177 3665 1331 3731 subiacet.

173 3823 384 3833 ....-—.---—-

239 3923 263 3986 1)
282 3936 323 3974 ex.
342 3936 384 3988 gr.
402 3912 481 3970 sess
499 3933 582 3987 saepe
601 3936 644 3987 op.
665 3916 773 3982 Esram3
792 3918 869 3971 estne
889 3915 1048 3980 verisimile,
1073 3932 1148 3980 eum,
1171 3917 1204 3970 ut
1227 3915 1333 3984 cogita·

169 4005 276 4060 tionem
297 4003 472 4058 tritissimam
503 4002 679 4072 exprimeret,
710 4020 743 4058 ex
772 4001 895 4070 antiquis
924 4001 1003 4056 libris
1033 4001 1148 4056 verbum
1175 4003 1333 4058 mutuasse?

171 4089 268 4144 Etiam
288 4095 299 4145 1
321 4090 382 4144 Chr.
407 4094 442 4153 12,
463 4088 1093 4158 811166616616116661661111661161161616);
1113 4092 1216 4152 13,13;
1247 4093 1286 4152 25,
1307 4093 1333 4153 1;

171 4181 187 4230 1
207 4175 269 4230 chr.
288 4180 329 4238 rs,
349 4180 393 4239 1o;
416 4189 465 4227 aa
484 4174 540 4227 Jer.
559 4179 600 4237 61,
620 4179 659 4228 11.
685 4179 728 4239 ro;
750 4174 822 4228 Neh.
841 4181 865 4239 5,
884 4181 911 4239 5;
937 4179 947 4229 1
971 4172 1032 4226 chr.
1052 4177 1090 4237 11,
1113 4178 1154 4237 rs;
1177 4178 1191 4226 2
1211 4171 1273 4227 616.
1293 4177 1333 4235 16,

173 4265 280 4324 103tns
298 4276 360 4313 cum
377 4254 392 4312 h
410 4258 455 4314 vel
471 4254 501 4314 bs
518 4258 590 4312 Neh.
609 4263 631 4323 9,
653 4263 696 4323 143
716 4263 727 4314 l
744 4258 806 4314 chr.
826 4264 865 4324 22,
887 4265 929 4324 12;
955 4258 1051 4314 ‘rChr
1072 4264 1094 4322 7,
1115 4261 1157 4321 133
1182 4261 1220 4324 15,
1240 4261 1267 4321 33
1294 4262 1332 4320 19,

171 4347 201 4409 93
220 4333 267 4396 'rhu
286 4343 357 4400 Neh.
376 4348 400 4410 9,
418 4347 463 4410 283
481 4338 533 4396 hen
553 4361 576 4398 v,
597 4348 637 4400 32.
869 4353 871 4358 ’
