3232 5042
689 343 729 352 ..
775 313 811 372 13
842 343 894 358 ,-

207 471 372 535 tribueret.
418 471 482 535 Sed
506 470 595 536 Stah.
618 471 750 534 tandem
774 473 868 534 etiam
893 471 934 534 ad
957 471 1277 555 grammaticales
1300 495 1371 557 pro-

206 569 361 653 prietates
385 570 528 634 animnm
552 569 700 634 advertit.
742 571 884 634 Proinde
907 570 1043 652 accidit,
1072 578 1108 634 ut
1134 593 1260 647 eornm,
1289 593 1372 656 quae

208 668 347 750 afferret,
370 667 475 733 lexico
499 667 703 733 diversorum
714 669 817 732 Penti.
838 670 973 734 fontium
989 669 1217 754 locupletando
1235 671 1371 736 inservi·

206 775 279 828 rent
300 759 417 850 pauca,
439 769 673 849 grammaticae
695 765 941 830 adumbrandae
962 766 1113 852 plurima.
1122 769 1144 850 ¹)

289 869 319 928 2.
340 861 483 928 Alterius
498 866 590 947 aciei,
607 867 697 928 cuius
713 887 813 950 supra
827 866 947 928 mentio
962 865 1051 928 facta
1066 872 1124 946 est,
1144 865 1259 930 ducem
1274 867 1372 931 fuisse

206 960 609 1046 Hengstenbergium,
637 986 730 1026 nemo
758 965 903 1047 ignorat;
936 963 993 1027 sed
1027 986 1099 1026 eum
1133 965 1230 1028 etiam
1256 987 1372 1030 revera

208 1082 364 1124 annorum
387 1060 468 1124 serie
484 1061 624 1145 primurn
646 1062 680 1123 in
702 1084 835 1125 arenam
851 1061 1068 1144 descendisse,
1092 1063 1197 1126 minus
1219 1063 1284 1126 late
1299 1086 1370 1148 per·

207 1159 358 1223 crebruit.
397 1157 463 1224 Sed
484 1161 513 1224 is
533 1161 599 1224 iam
624 1164 717 1242 1833,
752 1162 845 1245 quasi
874 1169 911 1224 ut
938 1162 1102 1247 specimen
1130 1163 1241 1246 magni
1264 1165 1372 1248 operis

207 1258 420 1344 exspectandi
442 1259 560 1344 ederet,
577 1259 617 1323 de
633 1259 694 1324 hoc
712 1283 802 1344 argo.
818 1260 1008 1338 disserunt
1046 1259 1128 1325 Cum
1149 1270 1254 1326 autem
1271 1261 1371 1326 Hart-

206 1359 315 1422 manni
338 1359 445 1444 operis
468 1358 573 1423 ultimi
594 1361 800 1445 potissimum
823 1361 980 1424 rationem
1004 1360 1145 1435 duceret,
1167 1382 1234 1424 rem
1258 1383 1295 1424 eo
1318 1362 1372 1425 de·

207 1459 336 1522 venisse
359 1461 511 1545 opinatus
534 1470 591 1541 est,
614 1469 650 1523 ut
671 1460 853 1524 adversarii
873 1462 937 1546 ipsi
953 1459 993 1524 de
1013 1461 1095 1544 argi.
1111 1461 1206 1526 buius
1220 1462 1254 1524 vi
1270 1483 1372 1546 prope

205 1557 424 1643 desperarent.
474 1558 585 1639 Quare
610 1561 703 1624 varia
734 1560 1025 1645 dicendigenera,
1058 1583 1142 1646 quae
1172 1561 1237 1624 viri
1268 1561 1372 1624 critic-

203 1658 290 1721 intra
311 1659 455 1724 Pentnm.
477 1661 585 1745 ipsum
607 1663 767 1746 reperisse
800 1660 864 1724 sibi
889 1659 1093 1741 videbantur,
1119 1659 1200 1724 nihil
1229 1661 1371 1743 curavit;

206 1757 263 1822 sed
284 1768 370 1822 totus
396 1760 430 1822 in
453 1781 490 1823 eo
517 1760 591 1842 fuit,
620 1769 655 1824 ut
682 1769 714 1826 et
739 1761 910 1826 nonnullas
938 1761 1060 1825 formas
1086 1761 1198 1826 Pento.
1221 1761 1372 1845 proprias

205 1879 282 1920 vere
304 1859 471 1942 antiquam
485 1859 615 1943 linguae
639 1861 852 1924 conditionem
874 1861 996 1924 referre
1019 1868 1177 1924 assereret
1198 1867 1229 1922 et
1249 1858 1373 1924 indicia

206 1958 382 2022 iuvenioris
403 1959 608 2041 conditionis,
625 1960 666 2022 ab
682 1959 886 2024 Hartmanno
902 1959 1011 2042 allata,
1032 1959 1231 2045 exploderet
1259 1958 1373 2044 Neque

205 2093 246 2101 —
269 2057 355 2142 quod
378 2059 496 2122 mirere
517 2093 558 2104 -
579 2057 684 2122 tribus
707 2060 800 2122 annis
823 2069 898 2144 post
920 2059 1093 2144 supplevit,
1113 2079 1196 2144 quae
1217 2057 1265 2120 ibi
1288 2057 1371 2122 desi-

205 2157 369 2222 derantur.
403 2157 499 2237 Quid
521 2158 606 2244 quod
621 2166 747 2222 tantum
763 2158 886 2241 aberat,
909 2166 952 2240 ut,
971 2157 1250 2224 dissimilitudines
1263 2157 1367 2223 Penti.

206 2259 348 2342 partium
375 2258 535 2344 linguales
565 2259 607 2323 ad
636 2260 706 2322 eius
733 2259 933 2324 authentiam
958 2257 1225 2322 labefactandam
1254 2280 1372 2342 magno

206 2365 366 2421 momento
390 2380 474 2440 esse,
505 2360 534 2422 ei
557 2357 815 2444 persuaderetur,
844 2368 891 2436 ut,
917 2359 981 2422 nisi
1003 2358 1215 2444 praefationis
1238 2365 1370 2422 annota-

205 2459 292 2521 tione
301 2458 326 2536 ³)
348 2457 389 2521 de
411 2481 500 2544 argo.
523 2459 578 2524 illo
601 2459 703 2524 verba
731 2459 950 2524 confeceret.
993 2457 1142 2522 Ranlrii
1169 2457 1369 2543 opusculum,
1392 2481 1394 2486 ·

207 2556 280 2620 aliis
301 2557 398 2621 rebus
421 2559 584 2640 eximium,
608 2559 670 2623 hoo
692 2559 821 2624 demum
847 2559 917 2624 loco
940 2581 1060 2644 ponere
1082 2581 1119 2622 eo
1138 2559 1243 2642 magis
1266 2557 1370 2647 licuit,

207 2678 270 2742 quo
293 2659 398 2722 minus
421 2659 454 2721 in
478 2657 648 2722 enodanda
669 2658 805 2744 linguali
833 2660 1051 2744 repugnantia
1073 2667 1223 2722 versatus
1245 2665 1373 2720 estant

207 2780 246 2820 ea
269 2758 492 2842 componenda
513 2781 582 2822 rem
597 2759 711 2824 confici
734 2761 866 2824 censuit.
908 2759 977 2822 Nec
999 2781 1076 2822 vero
1094 2757 1372 2839 Havernick⁴)‚

208 2858 263 2942 qui
284 2857 375 2922 illum
405 2868 577 2946 utrumque
603 2861 746 2946 excepit,
773 2860 909 2945 linguali
929 2860 1033 2924 Penti.
1060 2866 1195 2923 naturae
1225 2857 1371 2922 conside-

207 2958 330 3022 randae
345 2957 556 3042 supersedere
571 2981 606 3022 se
622 2981 717 3044 posse
733 2961 873 3044 putavit3
898 2957 954 3022 sed
969 2957 1128 3022 industria
1143 2957 1230 3021 haud
1246 2955 1373 3040 vulgari

207 3059 376 3124 ostendere
398 3060 529 3141 studuit,
544 3057 691 3125 Pentum.
714 3067 814 3124 totum
829 3061 915 3124 Mosi
938 3061 1030 3145 eique
1051 3061 1146 3122 unico
1170 3059 1294 3122 auctori
1316 3059 1372 3120 ad-

208 3159 414 3223 scribendum
442 3183 522 3223 esse.
564 3159 649 3224 Nam
677 3168 727 3242 ut,
757 3162 861 3246 qualis
887 3160 1034 3224 Mosaica
1060 3165 1165 3222 aetate
1187 3156 1373 3221 Hebraicac

208 3261 338 3344 linguae
353 3261 454 3326 facies
469 3261 592 3343 fuisset,
615 3268 690 3325 ante
712 3261 821 3326 oculos
837 3268 981 3347 poneret,
1004 3260 1101 3324 etiam
1124 3281 1165 3322 ex
1187 3278 1372 3343 gramma-

208 3360 287 3423 tico
309 3381 426 3444 genere
442 3359 544 3422 multa
559 3382 641 3446 quae
664 3359 705 3424 ab
720 3383 781 3424 usu
796 3361 958 3423 communi
978 3366 1011 3423 et
1024 3359 1196 3444 posteriori
1217 3357 1373 3422 recedunt

210 3457 339 3541 collegit
348 3460 381 3534 ⁵),
403 3465 500 3544 atque
522 3459 603 3524 adeo
625 3481 667 3523 ex
683 3459 863 3544 syntectica
878 3465 971 3543 parte
986 3456 1146 3541 quaedam
1164 3457 1279 3524 attulit.
1308 3457 1373 3522 sed

209 3559 403 3622 varietatum
424 3556 553 3641 linguae
573 3559 659 3622 intra
671 3558 819 3623 Pontum.
834 3559 940 3643 ipsum
961 3565 1146 3621 notatarum
1166 3559 1229 3620 nisi
1248 3558 1372 3620 vicissi-

209 3657 354 3720 tudinem
376 3656 440 3720 Dei
461 3658 624 3722 nominum
648 3658 700 3739 (ea
721 3657 826 3743 qualis
855 3665 940 3722 esset
962 3665 994 3722 et
1016 3679 1171 3743 quorsum
1201 3664 1372 3742 spectaret,

210 3757 376 3842 explicare
399 3779 494 3841 posse
519 3757 582 3822 sibi
610 3759 700 3822 visus
722 3759 783 3841 est)
810 3757 931 3822 nullam
961 3759 1116 3843 respexit.
1159 3757 1234 3842 lpse
1257 3757 1374 3820 deinde

211 3859 397 3921 criticorum
420 3859 505 3942 parti
527 3880 562 3921 se
584 3858 774 3943 adiungens,
795 3858 964 3922 vocabulis
993 3868 1025 3922 et
1046 3857 1220 3944 phrasibus
1243 3857 1372 3943 quibus-

108 4137 110 4142 .
280 4093 304 4162 1)
322 4111 349 4161 p.
370 4094 476 4145 16—19.
499 4095 529 4144 21
549 4107 570 4142 s.
593 4095 632 4144 29.
658 4095 698 4145 34.
721 4097 763 4146 43.
785 4123 820 4130 -—
841 4093 867 4161 2)
885 4090 936 4146 col.
956 4094 1011 4144 345.
1030 4092 1087 4143 348.
1106 4093 1163 4142 356.
1187 4119 1221 4128 -
1243 4089 1269 4157 3)
1288 4088 1372 4142 Auth.

210 4177 298 4246 praef.
321 4196 348 4248 p.
371 4174 459 4229 LXIV
481 4192 502 4229 s.
521 4176 600 4228 nota.
629 4206 663 4214 -
691 4176 717 4244 4)
737 4174 759 4238 Ι,
783 4180 805 4238 1,
823 4193 850 4242 p.
875 4180 923 4228 183
942 4188 975 4227 ss.
997 4178 1056 4236 186;
1086 4172 1107 4236 Ι,
1130 4177 1153 4234 2,
1172 4191 1198 4240 p.
1221 4176 1271 4226 202
1289 4191 1322 4228 ss.
1341 4205 1373 4211 —

213 4265 238 4332 t)
256 4262 330 4315 Jahn
350 4266 414 4315 18¹8
432 4259 568 4314 nonnulla
586 4258 729 4312 attulerat.
