3232 5042
645 334 849 398 -23-

91 529 104 545 κ
165 493 295 578 allegat,
317 517 358 558 ex
380 493 564 559 nominibus
587 505 830 580 argumentatur
850 504 882 560 et
908 496 993 560 unde
1015 497 1146 561 nomina
1168 495 1325 579 originem

164 594 287 658 ducant
308 594 423 671 iniicit;
445 616 488 656 ex
503 593 732 679 Phaenomenis
746 607 881 660 naturae
902 596 954 686 vel
976 594 1074 659 rebus
1096 596 1252 660 historiae
1273 595 1324 658 vel

166 689 373 776 processibus
399 691 499 754 animi
521 703 713 777 argumenta
740 701 772 756 et
793 693 944 780 exempla
963 693 1079 759 haurit.
1125 694 1190 760 Sed
1213 718 1253 758 ex
1275 694 1325 756 his

166 793 257 878 ipsiS,
280 813 363 878 quae
386 790 482 854 modo
505 795 774 876 enumeravimus,
797 793 909 876 elucet,
934 793 999 858 stili
1021 817 1132 878 genus,
1157 817 1219 880 quo
1243 793 1349 876 aliae¹

166 890 332 955 cuiusdam
361 891 580 976 proprietates
606 891 764 976 linguales
791 895 885 979 quasi
911 893 1099 958 indumento
1128 894 1326 958 versicolore
1416 917 1429 940 ν
1455 895 1493 984 ,’·ξς

104 993 106 998 ’
165 991 385 1072 involvuntur,
407 991 525 1075 partim
550 989 662 1056 saltem
682 1014 754 1056 curn
774 992 886 1076 lingua
909 994 977 1056 eius
1000 993 1182 1059 cohaerere.

726 1237 766 1302 Π.

252 1400 278 1454 1.
317 1388 367 1454 Ac
388 1390 527 1475 primum
549 1387 695 1474 quidem,
725 1389 757 1451 si
779 1388 824 1452 de
845 1391 1112 1472 materia-argi.
1135 1390 1211 1476 ling.
1237 1413 1326 1456 con·

164 1489 338 1574 gerenda
359 1490 506 1573 agitur,
530 1491 807 1574 supervacaneum
830 1509 901 1552 esse
922 1489 1081 1568 videatur,

248 1612 280 1694 a)
302 1613 423 1698 quaeri,
440 1611 507 1676 ubi
519 1635 558 1676 ea
569 1614 762 1676 inveniatur.
793 1612 858 1678 Sed
875 1621 909 1678 ut
923 1613 958 1677 id
980 1635 1184 1700 quaeramus,
1199 1611 1326 1677 duabus

163 1713 273 1775 causis
299 1733 475 1776 movemur.
522 1711 684 1776 Videlicet
716 1711 858 1776 dubitari
884 1720 1007 1799 potest,
1036 1735 1112 1776 num
1144 1712 1225 1776 liber
1255 1735 1326 1798 per

164 1811 357 1875 scrutandus
381 1822 488 1874 certae
504 1813 636 1897 eiusque
652 1833 850 1896 permagnae
870 1811 1093 1896 amplitudinis
1109 1833 1180 1875 esse
1200 1811 1326 1878 debeat.

164 1909 248 1989 Quid
276 1910 330 1974 lex
357 1910 525 1975 literarum
553 1910 745 1974 universalis
772 1909 834 1974 hac
857 1911 897 1975 de
918 1934 954 1975 re
976 1911 1164 1997 praecipiat,
1189 1920 1327 1989 constat;

163 2032 258 2074 nemo
281 2012 367 2074 enim
389 2011 502 2092 nescit,
519 2033 560 2074 ex
574 2009 673 2074 rebus
688 2009 871 2074 observatis
887 2033 925 2075 eo
945 2014 1064 2075 certius
1089 2010 1248 2093 concludi,
1264 2033 1327 2097 quo

163 2111 268 2174 maior
287 2132 396 2174 earum
413 2111 455 2174 sit
470 2111 575 2196 copia.
607 2109 672 2175 Sed
685 2109 732 2174 illi
748 2133 787 2174 ea
797 2110 949 2174 addenda
966 2119 1023 2193 est,
1040 2133 1123 2196 quae
1138 2133 1178 2174 ex
1192 2119 1327 2174 naturae

165 2210 247 2294 argi.
270 2209 348 2295 phil.
376 2211 509 2295 propria
531 2209 611 2275 fluit.
656 2209 737 2274 Cum
762 2213 846 2274 enim
872 2234 936 2276 non
958 2233 1090 2276 necesse
1116 2213 1172 2293 sit,
1194 2211 1326 2275 alterius

164 2309 307 2372 auctoris
319 2307 463 2392 linguam
474 2307 516 2372 ab
529 2307 659 2372 alterius
676 2310 799 2372 cunctis
815 2311 847 2372 in
858 2308 954 2372 rebus
967 2317 1065 2374 stote
1079 2308 1167 2372 coelo
1184 2309 1326 2386 differre3

161 2407 310 2472 accidere
333 2415 449 2492 potest,
472 2417 516 2487 ut,
540 2409 567 2471 si
589 2409 678 2493 regio
694 2408 897 2494 exploranda
910 2410 1062 2503 ,terminis
1085 2408 1326 2493 angustioribus

161 2507 449 2591 circumscribitur,
473 2508 714 2595 discrepantiae
737 2510 849 2572 sinon
871 2531 991 2592 omnes,
1016 2509 1128 2590 saltem
1149 2511 1326 2573 maximam

160 2615 288 2694 partem
311 2607 426 2674 desint.
470 2607 563 2688 Quod
587 2609 766 2673 rectissime
789 2610 959 2695 perspexit
979 2609 1098 2694 Hgsth.
1111 2610 1132 2693 ¹)
1154 2645 1195 2656 -—
1215 2609 1326 2694 Neque

161 2707 296 2790 sufficit,
325 2715 464 2792 quantus
495 2729 566 2772 esse
593 2708 710 2773 debeat
736 2717 861 2790 textus,
888 2731 948 2773 nos
971 2711 1070 2792 scire,
1094 2708 1270 2773 sedetiam
1293 2709 1327 2770 in

160 2807 267 2894 quali
280 2817 371 2872 textu
387 2810 537 2872 materies
551 2811 592 2872 sit
608 2807 799 2894 colligenda,
814 2808 1019 2900 explicemus
1030 2833 1111 2897 opus
1124 2817 1180 2874 est.
1205 2809 1326 2893 Nempe

161 2914 237 2970 ante
257 2909 365 2970 omnia
393 2930 451 2993 per
475 2929 509 2971 se
530 2906 735 2992 intelligitur,
769 2930 842 2971 eum
864 2931 930 2972 non
958 2909 1133 2974 secundum
1158 2908 1326 2993 opiniones

161 3007 304 3068 incertas
340 3005 397 3069 sed
424 3004 576 3070 Masorae
609 3016 785 3091 praecepta
816 3017 930 3071 exacte
962 3005 1219 3072 constituendum
1247 3027 1325 3069 esse.

160 3103 249 3168 Hinc
277 3105 437 3191 sequitur,
466 3104 623 3169 editiones
651 3127 671 3168 a
690 3105 809 3170 Baerio
837 3115 868 3170 et
890 3106 1091 3170 Delitzschio
1120 3112 1326 3192 comparatas

165 3202 369 3268 adhibendas
392 3225 473 3285 esse,
496 3203 538 3267 ad
560 3202 662 3268 libros
687 3212 804 3284 autem,
826 3207 881 3291 qui
902 3205 1046 3269 nondum
1069 3204 1110 3268 ab
1133 3205 1197 3269 illis
1220 3226 1325 3269 emen-

161 3301 229 3367 dati
245 3303 318 3384 sint,
335 3304 545 3388 corrigendos
561 3303 748 3368 traditionis
768 3305 938 3370 thesauros
956 3307 1046 3392 ipsos
1065 3327 1136 3369 esse
1151 3305 1326 3370 adeundos.

245 3427 310 3490 Sed
341 3427 466 3492 fortiori
495 3429 528 3490 in
556 3428 625 3493 dies
654 3451 732 3492 voce
759 3428 930 3510 clamatur,
959 3433 992 3493 in
1018 3440 1109 3494 textu
1135 3434 1326 3496 masoretico

160 3526 396 3612 perscrutando
429 3538 460 3591 et
488 3527 686 3592 restituendo
713 3551 772 3591 nos
802 3531 1008 3613 acquiescere
1038 3555 1102 3595 non
1127 3530 1234 3596 licere.
1281 3531 1327 3596 Ut

164 3627 272 3688 statim
295 3625 427 3707 habeas,
448 3627 526 3713 quid
542 3627 690 3714 equidem
707 3625 747 3690 de
763 3649 801 3690 ea
816 3629 1005 3714 quaestione
1021 3631 1160 3715 positive
1176 3639 1327 3710 statuam,

162 3729 231 3796 sine
253 3725 319 3790 ulla
342 3726 542 3792 dubitatione
565 3727 716 3792 contendi
739 3750 835 3813 posse
850 3728 929 3792 mihi
946 3729 1086 3812 videtur,
1101 3728 1327 3815 orthographi-

161 3849 222 3906 am,
244 3827 357 3911 literis,
380 3851 462 3914 quae
484 3829 654 3893 vocalibus
669 3828 853 3893 indicandis
868 3831 1049 3894 inserviunt
1063 3840 1095 3893 et
1109 3832 1279 3915 quiescunt
1291 3828 1325 3910 ²),

161 3929 265 3992 auctis
287 3928 340 3992 vel
363 3927 528 3992 diminutis
552 3929 601 3992 vel
624 3930 832 4014 permutatis,
863 3929 997 4016 aliqua
1022 3952 1067 3994 ex
1090 3939 1206 4015 parte
1229 3928 1325 3991 aliam

161 4029 280 4092 factam
308 4048 388 4092 esse.
430 4026 584 4112 Reliquas
612 4036 719 4090 antem
747 4027 873 4108 literas,
899 4028 990 4093 velut
1015 4030 1178 4094 nominum
1201 4029 1325 4112 propri-

231 4279 256 4345 1)
277 4280 349 4341 1833,
369 4275 419 4330 col.
438 4279 495 4330 357.
513 4305 547 4316 -
565 4276 591 4344 2)
609 4274 690 4329 Rich.
708 4275 774 4330 Sim.
792 4295 820 4346 p.
839 4281 879 4331 22.
