3232 5042
787 335 993 400 ,34-

302 493 504 559 locutionum
530 495 581 559 vis
606 517 718 560 rursus
753 505 897 582 augetur.
949 497 1032 560 Nam
1059 498 1134 580 quia
1163 495 1225 560 hae
1253 497 1475 584 compluribus

307 592 455 679 partibus
478 595 677 680 compositae
700 603 787 675 sunt,
813 593 1024 680 multiplicius
1047 617 1143 682 quam
1164 593 1240 660 illae
1262 618 1335 661 curn
1357 599 1474 664 ceteris
1600 585 1601 618 ³

307 694 407 758 animi
429 693 615 758 notionibus
638 701 670 758 et
692 694 818 760 actibus
841 694 1035 760 coalescunt.

390 827 424 908 b)
442 826 558 892 Altera
579 826 635 892 illa
655 828 808 894 vocabuli
829 830 983 916 cuiusque
1005 851 1095 915 pars,
1116 830 1221 894 forma
1244 831 1322 915 eius,
1347 855 1473 916 gram-

307 929 450 992 matico
480 927 653 992 tractanda
673 938 730 993 est.
780 928 892 993 Trium
915 951 1033 1004 rerum,
1060 929 1177 1016 quibus
1200 940 1336 996 externa
1356 954 1473 1016 vocum

310 1028 437 1113 species
471 1027 668 1104 absolvitur,
698 1029 805 1113 prima
839 1027 985 1128 quidem,
1015 1049 1097 1114 quae
1127 1049 1189 1092 usu
1219 1029 1393 1096 clariorem
1419 1031 1473 1096 vel

307 1126 531 1191 obscuriorum
550 1125 710 1191 vocalium
733 1129 927 1209 continetur,
959 1126 1072 1212 lingua
1094 1135 1252 1212 emortua,
1275 1131 1385 1194 sentiri
1408 1153 1472 1196 non

307 1233 429 1311 potest3
453 1224 584 1289 sedhic
607 1224 689 1308 illio,
715 1224 814 1290 debili
836 1233 1033 1291 consonante
1060 1228 1308 1312 praetermisso,
1334 1227 1415 1292 duas
1438 1231 1473 1293 in

306 1347 405 1388 uuam
428 1323 585 1406 contrahi,
602 1325 681 1388 satis
696 1323 759 1390 huc
773 1324 860 1388 facit.
877 1324 898 1406 ¹)
926 1323 1040 1412 Neque
1057 1326 1163 1390 minus
1179 1324 1348 1390 observari
1363 1327 1471 1408 refert,

307 1446 384 1488 num
407 1421 608 1488 difficiliores
630 1425 876 1487 consonantium
907 1425 977 1488 soni
1000 1432 1031 1488 et
1051 1423 1213 1488 faciliores
1235 1426 1320 1489 inter
1341 1447 1376 1488 se
1398 1447 1469 1512 per-

307 1530 480 1588 mutentur.
491 1521 515 1605 2)
544 1521 696 1610 Denique
711 1521 792 1586 bene
808 1533 1021 1588 consonantes
1037 1531 1068 1588 et
1083 1523 1230 1609 syllabae
1246 1523 1471 1610 respiciendae

307 1630 388 1702 sunt,
411 1621 528 1709 quibus
549 1623 642 1707 stirpi
662 1621 714 1685 vel
735 1623 929 1706 praepositis
950 1621 1002 1686 vel
1024 1623 1154 1686 insertis
1176 1622 1229 1686 vel
1251 1625 1389 1688 annexis
1407 1623 1470 1688 for-

306 1743 430 1787 marum
457 1721 553 1806 copia
573 1719 774 1806 producitur.
785 1719 809 1797 ³)
838 1719 893 1783 Ex
915 1720 955 1784 iis
977 1728 1095 1796 autem,
1118 1743 1201 1808 quae
1224 1744 1323 1808 supra
1346 1722 1387 1787 de
1407 1722 1472 1787 lin·

306 1820 452 1906 gualium
479 1819 676 1884 indiciorum
704 1819 845 1883 omnium
877 1820 911 1882 vi
938 1818 1105 1906 disputata
1132 1829 1222 1902 sunt,
1242 1827 1342 1906 patet,
1365 1841 1471 1906 gram-

304 1918 512 1984 maticalibus
526 1917 655 1982 indiciis
671 1917 836 2004 hucusque
853 1917 970 2001 allatis,
992 1927 1028 1983 ut
1043 1941 1125 2006 quae
1141 1922 1283 1984 maxime
1302 1943 1320 1985 e
1337 1942 1471 2008 corpore

307 2018 483 2106 pendeant,
507 2039 664 2081 summam
687 2017 754 2080 vim
775 2015 981 2082 tribuendam
1003 2039 1083 2082 esse.
1125 2017 1233 2105 Atque
1255 2020 1310 2097 iis,
1333 2022 1471 2106 quaein

190 2192 192 2196 ¹
308 2115 447 2182 vocibus
467 2115 690 2180 flectendis
711 2122 878 2182 mutantur
893 2124 924 2181 et
945 2115 1099 2181 audiendi
1114 2115 1331 2204 loquendique
1351 2119 1471 2183 instru-

304 2223 485 2280 mentorum
507 2214 726 2301 negligentiae
748 2214 919 2296 debentur,
941 2198 981 2281 ct‘.
1003 2235 1028 2296 p
1052 2223 1084 2280 et
1106 2233 1148 2296 nr,
1171 2215 1285 2281 eadem
1305 2219 1356 2282 vis
1376 2221 1469 2282 inest.

305 2314 528 2401 Syntaxeos
551 2324 658 2380 autem
679 2315 867 2397 varietates,
891 2335 955 2378 non
975 2316 1121 2402 corporis
1144 2315 1374 2381 consuetudine
1395 2317 1471 2382 illae

303 2413 405 2478 fultae
428 2437 453 2478 s.
477 2416 712 2479 constantiores
733 2411 890 2496 redditae,
914 2412 1058 2478 eiusdem
1076 2416 1290 2498 auctoritatis,
1313 2417 1403 2480 ouius
1425 2417 1473 2480 in-

306 2512 392 2577 dicia
412 2511 580 2597 lexicalia,
605 2521 687 2578 sunt.
735 2513 809 2576 Non
831 2521 940 2576 autem
962 2511 1219 2578 obliviscendum
1242 2523 1307 2598 est,
1329 2538 1385 2580 eas
1406 2538 1471 2580 non

305 2611 409 2676 solum
433 2634 450 2676 e
471 2614 627 2677 mentium
642 2613 842 2697 singulorum
859 2619 894 2675 ut
908 2610 1130 2677 variabilitate
1152 2615 1199 2677 sic
1216 2615 1398 2680 constantia
1414 2614 1472 2679 sed

307 2711 405 2775 etiam
428 2710 468 2774 de
490 2713 588 2776 totius
610 2710 723 2798 populi
742 2707 997 2798 proprietatibus
1013 2711 1252 2799 psychologieis
1271 2713 1372 2778 multo
1394 2736 1471 2778 oon·

307 2809 519 2875 stantioribus
542 2811 692 2898 pendere.
737 2810 772 2875 Si
800 2809 964 2894 denique,
982 2819 1084 2876 totum
1112 2811 1241 2877 dicendi
1262 2835 1380 2898 genus,
1403 2815 1470 2878 uni-

304 2932 433 2974 versam
457 2909 638 2975 disserendi
661 2910 818 2974 rationem
835 2910 1099 2998 contemplantes,
1121 2914 1336 2997 grammatica
1357 2911 1494 2997 relicta

304 3007 348 3074 ad
368 3009 600 3076 rhetoricen
622 3009 804 3096 potiusnos
821 3011 1054 3075 convertimus:
1077 3011 1198 3076 dixerit
1220 3012 1394 3098 quispiam,
1420 3011 1470 3076 his

303 3109 389 3174 notis
420 3110 588 3174 minimum
618 3116 816 3174 momentum
846 3110 967 3186 inesse,
1001 3110 1077 3196 quia
1103 3110 1220 3174 mentis
1248 3110 1348 3176 solius
1376 3113 1469 3198 quasi

303 3208 427 3272 fructus
457 3216 489 3272 et
513 3208 610 3273 flores
639 3210 711 3272 sint.
761 3206 827 3273 Sed
863 3208 949 3294 quod
981 3209 1049 3273 iam
1082 3209 1133 3274 bis
1160 3209 1398 3290 contendimus,
1430 3232 1470 3274 ne

302 3309 419 3372 mentis
451 3306 579 3394 quidem
608 3306 824 3371 conditionem
855 3306 1004 3372 omnibus
1033 3307 1161 3392 legibus
1185 3316 1216 3372 et
1238 3308 1352 3374 fulcris
1377 3310 1470 3373 desti·

306 3415 411 3472 tutam
434 3428 515 3488 esse,
537 3405 620 3471 hano
641 3427 709 3470 rem
726 3407 949 3470 examinantes
971 3405 1125 3493 liquidius
1145 3410 1380 3493 cognoscimus.
1416 3408 1470 3474 An

302 3529 370 3572 non
393 3513 467 3574 ,tota
492 3506 648 3571 orationis
676 3504 801 3569 indoles
823 3504 1080 3570 luculentissima
1101 3514 1178 3572 nota
1205 3516 1272 3588 est,
1298 3529 1362 3592 qua
1388 3507 1475 3572 alter,

305 3605 446 3691 scriptor
469 3604 510 3670 ab
534 3605 652 3686 altero,
679 3605 822 3668 maxime
849 3603 992 3669 eiusdem
1016 3608 1147 3688 aetatis,
1171 3606 1210 3672 cf.
1232 3629 1262 3692 p.
1286 3612 1335 3690 30,
1358 3605 1471 3692 digno·

372 3856 397 3924 1)
417 3853 449 3908 ol.
473 3845 522 3908 aab
545 3849 594 3905 Ex.
618 3856 641 3916 3,
659 3856 674 3906 2
699 3851 853 3906 secuudum
875 3852 986 3918 Gesen.;
1009 3851 1113 3908 rectius
1136 3869 1157 3907 c.
1173 3852 1266 3925 ‚nicht
1290 3855 1319 3908 et
1340 3843 1430 3907 Volck
1452 3871 1471 3908 a

301 3931 1469 4006 wamma-nQummumfflumumwma

302 4023 382 4092 spat,
402 4038 436 4074 m.
451 4021 536 4074 Auen.
556 4037 580 4074 v.
599 4025 614 4074 3
632 4020 679 4085 St,
693 4039 720 4074 u.
739 4039 786 4085 zw.
806 4025 837 4074 52
856 4019 912 4074 mal
930 4024 992 4090 pub.
1022 4021 1054 4074 D.
1073 4037 1089 4073 r
1106 4021 1124 4075 i.
1143 4039 1169 4074 u.
1187 4020 1234 4075 all.
1247 4020 1423 4076 Zischlauten
1442 4023 1468 4076 d.

301 4107 387 4170 haita
406 4122 428 4160 e.
447 4103 620 4175 liegt.ganz.
642 4105 660 4159 i.
679 4105 773 4174 Fortg.
797 4104 821 4158 d.
840 4103 908 4174 Spr,
929 4121 1010 4158 wenn
1033 4104 1113 4160 barte
1131 4105 1220 4160 Lauta
1242 4105 1405 4160 allmthlich
1428 4123 1470 4161 er-

301 4189 408 4250 weioht,
421 4205 467 4256 v.;
485 4188 535 4244 col.
557 4194 605 4245 357
625 4187 688 4255 „die
699 4189 773 4244 ktirr.
785 4208 812 4244 u.
825 4187 1074 4260 abgeschliffenore
1086 4188 1196 4244 Formi.
1210 4191 1236 4246 d.
1250 4192 1339 4260 sp'atf‘
1351 4191 1423 4262 *,3)
1434 4191 1468 4246 of.

301 4288 338 4340 ru,
358 4273 434 4343 quod
451 4273 569 4343 stirpem
587 4273 721 4344 sequitur,
741 4288 766 4341 u,
786 4274 861 4343 quod
879 4272 1082 4346 antegreditur.
