3232 5042
758 339 962 408 ..26....

279 504 518 595 agnoscendum
529 504 786 590 est‚interpretes
801 526 936 588 graecos
953 511 1008 568 aut
1021 505 1054 568 in
1069 501 1148 568 locis
1165 503 1233 568 sive
1243 527 1360 568 revera
1372 503 1440 570 sive

279 601 384 687 primo
400 600 513 668 obtutu
529 600 675 668 obscuris
698 601 915 674 dilucidandis
937 601 1054 668 nimios
1075 601 1176 666 fuisse
1191 602 1213 684 ¹)
1229 603 1332 666 autin
1348 610 1439 668 textu

280 723 337 766 suo
352 700 505 766 hebraico
528 701 593 768 alia
613 724 724 768 aenos
739 701 867 786 legisse.
890 701 1001 786 Neque
1017 700 1104 766 aliud
1120 701 1294 788 quidquam
1310 712 1438 766 conten-

279 800 330 882 do,
351 824 447 888 quam
468 801 553 866 huno
576 801 715 870 alterum
736 801 884 867 lectionis
905 804 1099 866 varietatum
1123 802 1241 866 fontem
1258 825 1331 881 non,
1347 803 1440 890 quasi

277 899 311 964 id
333 899 495 966 historicis
517 900 699 966 rationibus
715 902 835 988 optime
850 900 1055 986 respondeat,
1071 902 1175 987 primo
1191 901 1249 964 sed
1263 903 1440 987 posteriore

277 997 349 1064 loeo
372 999 555 1066 adeundum
578 1023 657 1066 esse.
1018 1003 1023 1011 '

361 1100 515 1166 Deinde
537 1110 572 1166 ut
593 1102 636 1166 ad
658 1101 786 1188 singula
814 1110 991 1184 transeam,
1018 1100 1118 1184 addo,
1144 1110 1264 1166 matres
1286 1100 1439 1166 lectiones

277 1221 395 1266 revera
417 1199 518 1268 falsas
540 1223 604 1266 non
625 1203 732 1266 minus
754 1194 860 1280 facile,
883 1223 979 1288 quarn
1002 1207 1076 1286 post
1090 1199 1349 1264 Alexandrinam
1370 1221 1439 1264 ver·

279 1302 402 1366 sionem
432 1301 620 1382 confectam,
638 1303 706 1376 jam
729 1310 825 1367 antea
844 1303 987 1386 irrepere
1009 1302 1152 1387 potuisse
1174 1306 1300 1378 (contra
1320 1299 1438 1365 Wellh.

276 1398 393 1464 introd.
415 1421 446 1485 p.
470 1404 531 1466 632
554 1398 593 1464 de
614 1399 653 1486 Ij.
678 1406 725 1482 19,
750 1400 809 1481 18).
848 1399 951 1465 Porro
974 1400 1138 1464 nominum
1161 1400 1367 1485 propriorum
1391 1421 1439 1462 or-

276 1497 505 1584 thographiam
528 1500 625 1564 etiarn
647 1501 679 1564 in
703 1498 910 1585 appellativis
934 1499 1113 1564 adhibitam
1136 1521 1207 1564 esse
1229 1498 1261 1580 (l.
1276 1499 1295 1564 l.
1310 1522 1341 1585 p.
1359 1497 1440 1580 632),

277 1600 460 1664 asseverari
481 1620 545 1662 non
566 1597 653 1675 licet3
675 1602 752 1684 quia
773 1597 829 1664 illa
855 1598 984 1664 facilius
1007 1600 1160 1684 cognosci
1182 1607 1213 1664 st
1233 1600 1439 1685 pronuntiari

276 1705 434 1783 poterant.
479 1697 561 1762 Turn
588 1696 856 1784 orthographicas
888 1697 1032 1786 regulas,
1058 1720 1139 1785 quas
1158 1700 1191 1764 in
1214 1698 1439 1781 monumentis,

277 1795 407 1860 easdem
438 1797 472 1860 in
499 1795 718 1862 voluminibus
748 1798 957 1864 conficiendis
985 1798 1175 1863 observatas
1208 1821 1278 1862 esse
1301 1821 1366 1864 non
1388 1821 1438 1863 eo·

276 1903 371 1980 gente
393 1896 426 1960 vi
448 1895 626 1960 coniicitur.
651 1895 766 1961 Nonne
788 1899 874 1962 enim
892 1898 963 1962 lieri
984 1905 1121 1984 poterat,
1144 1906 1178 1962 ut
1199 1898 1233 1962 in
1251 1897 1327 1972 illis,
1343 1919 1438 1984 quae-

276 2016 401 2080 cunque
437 1993 551 2058 deesse
587 2003 752 2080 poterant,
785 1997 1022 2079 omitterentur,
1052 1998 1085 2060 in
1115 1995 1180 2079 his,
1209 1998 1329 2082 quippe
1356 2018 1439 2084 quae

275 2094 403 2158 facilius
424 2096 559 2160 tractari
580 2095 731 2182 possent,
768 2096 881 2161 eadem
904 2106 1010 2163 aetate
1033 2096 1127 2183 plura
1155 2096 1302 2162 lectionis
1335 2097 1439 2162 fulcra

275 2194 555 2280 appingerentur?
581 2196 688 2282 Atque
708 2217 745 2260 eo
761 2197 867 2260 minor
883 2198 932 2260 vis
949 2196 1203 2283 orthographiae
1219 2204 1438 2262 monumento·

275 2317 344 2358 rum
369 2293 542 2358 tribuenda
564 2301 627 2372 est,
656 2315 726 2358 oum
750 2302 781 2359 et
801 2295 876 2380 ipsa
897 2293 1007 2360 literas
1030 2295 1070 2360 ad
1093 2295 1224 2360 vocales
1246 2295 1438 2360 iudicandas

277 2394 454 2458 servientes
476 2401 543 2457 tum
563 2394 713 2458 omittant
733 2402 801 2458 tum
824 2394 989 2478 adiiciant,
1012 2393 1131 2460 Wellh.
1156 2417 1185 2480 p.
1208 2398 1269 2462 636
1278 2393 1312 2471 2).

359 2493 540 2578 Denique
561 2514 624 2557 uon
647 2500 726 2576 erat,
749 2493 836 2580 quod
859 2493 975 2558 Wellh.
991 2517 1028 2579 ·p.
1053 2498 1112 2562 637
1140 2494 1208 2558 init.
1231 2494 1436 2561 adversarios

275 2590 326 2656 his
353 2592 462 2656 verbis
498 2590 659 2658 derideret
686 2593 754 2674 „Es
781 2594 839 2658 ubt
865 2594 930 2660 fast
958 2595 1028 2658 eine
1064 2593 1233 2660 komische
1258 2593 1434 2680 Wirkung,

275 2714 367 2756 wenn
389 2710 450 2757 sin
465 2723 508 2746 =
522 2710 584 2758 ucri
607 2692 660 2756 fur
683 2693 735 2757 die
752 2691 927 2758 Authentie
956 2693 1035 2758 oder
1056 2692 1116 2756 das
1138 2692 1256 2758 ho'here
1272 2692 1364 2758 Alter
1380 2693 1435 2756 des

274 2793 356 2856 Pent
356 2841 485 2858 .....
509 2792 683 2878 angeftihrt
711 2793 870 2860 werden“.
914 2793 997 2858 Nam
1026 2815 1078 2875 eo,
1108 2793 1211 2879 quod,
1234 2793 1293 2858 has
1317 2800 1436 2858 matres

273 2890 421 2956 lectionis
449 2912 461 2956 r
493 2902 524 2956 et
551 2909 563 2941 ³
590 2915 653 2958 non
688 2891 891 2957 authenticas
927 2916 952 2956 s.
980 2915 1045 2958 non
1074 2891 1115 2956 ab
1145 2891 1331 2956 auctoribus
1355 2893 1436 2977 ipsis

274 2990 415 3075 scriptas
439 3012 520 3070 esse,
544 3001 664 3058 certum
688 2991 740 3056 vel
763 2990 878 3056 saltem
902 2990 1173 3056 verisimillimum
1199 3013 1271 3056 esse
1296 2990 1435 3056 affirma-

272 3097 336 3172 tur,
356 3111 421 3154 non
451 3090 546 3156 simul
572 3091 628 3156 illa
650 3090 826 3158 difficultas
853 3091 1007 3177 expedita
1028 3098 1085 3166 est,
1109 3111 1192 3177 quae
1216 3091 1249 3154 in
1272 3111 1308 3154 eo
1329 3090 1436 3175 posita

273 3198 331 3272 est,
360 3190 447 3276 quod
480 3193 557 3256 nisi
585 3193 623 3256 in
643 3191 765 3258 Ponto
794 3214 986 3279 nusquam
1013 3191 1109 3256 litera
1136 3211 1166 3271 r,
1199 3199 1235 3254 ut
1270 3191 1435 3274 utriusque

272 3292 401 3373 generis
434 3289 540 3354 forma
565 3292 816 3377 exprimeretur,
854 3293 975 3376 scripta
1009 3299 1066 3356 est.
1118 3289 1195 3355 Sive
1227 3290 1327 3374 igitur
1355 3289 1436 3354 haec

273 3386 435 3452 scribendi
459 3390 542 3452 ratio
565 3388 668 3455 electa
689 3399 747 3474 est,
770 3402 804 3454 ut
827 3391 898 3454 soni
921 3389 974 3472 ha,
999 3390 1067 3452 sive
1090 3396 1125 3451 ut
1149 3390 1220 3451 soni
1245 3386 1288 3450 hu
1309 3387 1435 3454 indica·

272 3486 434 3568 rentur³);
462 3487 573 3554 Pento.
598 3489 721 3576 aliquid
744 3491 856 3554 eximii
879 3491 972 3553 inest.
1017 3488 1123 3568 Quam
1146 3486 1371 3562 difficultatem
1393 3487 1437 3566 ad

272 3587 503 3652 removendam
525 3597 591 3652 tres
613 3590 685 3654 vias
706 3612 765 3654 nos
785 3588 912 3672 ingredi
934 3588 1019 3652 lieet.
1055 3588 1207 3652 Attamen
1229 3593 1272 3664 (1)
1294 3587 1433 3671 primum

272 3686 481 3770 contendere,
512 3688 679 3753 fortuito
712 3688 885 3771 accidisse,
914 3699 948 3751 ut
974 3687 1082 3751 scriba
1104 3686 1206 3749 Ponti.
1227 3685 1433 3770 exemplaris,

273 3786 359 3871 quod
381 3787 486 3849 unici
508 3786 546 3852 V.
569 3787 621 3852 Ti.
651 3786 791 3869 codicis,
820 3809 912 3874 quem
941 3788 1081 3853 omnium
1115 3795 1295 3849 nostrorum
1324 3808 1432 3848 manu·

340 4039 365 4105 1)
383 4035 445 4090 Huc
463 4033 591 4104 equidem
608 4034 707 4099 resero,
726 4051 772 4090 eos
789 4051 830 4105 ps.
849 4039 890 4100 40,
911 4041 924 4089 7
943 4047 991 4088 uua
1010 4035 1095 4088 verbo
1112 4032 1197 4088 latius
1214 4033 1332 4102 patente
1351 4032 1433 4103 ἔξαρ-

271 4121 405 4188 circaea
426 4119 590 4184 reddidisse
613 4118 699 4176 etiam
722 4136 762 4186 ea,
785 4136 859 4189 quae
884 4119 1000 4175 Wellho.
1025 4118 1123 4174 Gesch.
1142 4135 1169 4187 p.
1189 4122 1237 4172 125
1254 4117 1291 4172 ed
1308 4117 1374 4172 Hes.
1392 4123 1434 4183 44,

272 4210 295 4258 7.
314 4209 329 4258 8
347 4204 467 4274 placent.
484 4235 519 4246 —
535 4205 562 4272 2)
586 4205 745 4260 Assentitur
765 4204 834 4258 mihi
855 4204 990 4270 Ndldeke,
1010 4203 1037 4258 Z.
1056 4202 1090 4256 D.
1107 4202 1143 4255 M.
1162 4201 1203 4277 G,
1225 4201 1340 4256 XXXII.
1361 4207 1432 4257 1878.

229 4277 233 4290 “
270 4306 298 4358 p.
318 4294 374 4343 sea
393 4322 425 4329 -
444 4290 470 4362 a)
488 4288 600 4344 Booten.
619 4290 666 4344 nb.
685 4291 701 4358 ᾗ
720 4294 776 4354 seo,
795 4297 823 4354 r;
843 4290 912 4355 Keil.
931 4308 958 4359 p.
978 4295 1034 4345 roo.
