3232 5042
654 329 861 394 ..51-

170 488 271 557 Porro
295 501 408 558 auctor
430 492 472 558 ad
494 494 648 575 formas,
672 516 754 580 quae
776 493 817 557 ab
834 493 905 558 aliis
922 493 1019 558 semel
1041 490 1092 558 vel
1114 513 1204 558 raro
1226 515 1331 558 usur·
1413 541 1416 549 s

171 602 321 679 pantur,
344 617 471 682 semper
493 593 698 680 usurpandas
727 617 789 658 non
812 596 884 678 ipse
910 617 944 658 se
967 583 1170 680 adstringere
1193 596 1331 660 videtur.

171 691 258 774 Quia
285 703 392 759 autem
426 694 520 759 simul
547 717 618 759 oum
646 696 814 780 scriptoris
843 694 952 759 indole
974 697 1207 782 psychologica
1235 697 1331 760 etiam

171 795 269 858 animi
292 793 481 879 proclivitas
503 793 662 882 eiusmodi
683 793 860 858 formarum
883 802 914 858 et
935 793 1160 878 fingendarum
1189 803 1220 859 et
1242 794 1332 859 adhi-
1416 826 1419 831 ·

171 891 352 956 bandarum
375 914 505 956 manere
526 891 617 975 solet,
641 915 680 956 ne
696 914 716 956 a
732 914 765 956 ae
786 893 857 976 ipso
873 892 1003 977 quidem
1021 895 1164 978 ¹scriptor
1178 893 1332 978 indepen-

171 991 250 1054 dens
273 991 331 1057 est.
373 989 488 1076 Itaque
510 990 552 1054 ad
573 991 871 1074 recognoscendum
902 990 1039 1056 eundem
1066 999 1228 1056 auctorem
1257 992 1332 1056 illae
1435 995 1438 1002 ’

171 1112 299 1177 quoque
331 1090 456 1155 formae
484 1089 709 1154 observandae
741 1099 773 1154 et
805 1098 959 1175 tanquam
989 1092 1129 1175 vestigia
1157 1093 1333 1176 premenda

172 1199 260 1273 sunt,
288 1189 370 1276 quae
403 1190 445 1253 ad
468 1189 611 1254 eiusdem
639 1189 740 1254 leonis
767 1211 903 1257 caveam
930 1189 1094 1271 ducunt.¹)
1115 1227 1156 1236 -
1179 1191 1214 1257 si
1236 1197 1332 1277 porr'o

166 1282 258 1356 'inter
278 1289 409 1375 linguae
430 1291 616 1354 testimonia
643 1299 826 1376 spectamus
848 1289 1054 1372 lexicalia,
1085 1293 1148 1356 tria
1168 1291 1238 1355 fieri
1260 1314 1333 1378 pos·

173 1397 255 1457 sunt.
278 1393 324 1471 (1)
347 1389 523 1454 Memoriae
538 1389 702 1476 proditum
725 1412 795 1454 esse
811 1398 926 1475 potest,
949 1413 1064 1456 nomen
1084 1392 1152 1455 sive
1174 1391 1334 1476 significa·

171 1491 291 1554 tionem
315 1489 486 1574 posterius,
509 1511 605 1576 quam
628 1495 784 1574 usurpata
806 1497 927 1572 essent,
954 1497 1031 1554 nata
1054 1489 1173 1568 esse²);
1205 1498 1271 1556 tum
1299 1490 1334 1554 id

122 1670 125 1679 Ι
175 1588 219 1654 ad
248 1609 372 1674 argum.
400 1610 442 1652 ex
471 1587 568 1652 rebus
598 1594 758 1673 sumptum
787 1588 935 1674 pertinet.
988 1588 1114 1653 Eodem
1140 1597 1276 1674 spectat,
1308 1591 1335 1652 si

173 1695 261 1754 certo
285 1687 412 1753 ostendi
425 1695 541 1774 potest,
563 1711 632 1752 rem
644 1687 698 1752 vel
715 1689 876 1752 notionem
896 1687 1038 1776 aliquam
1054 1690 1212 1775 posterius
1230 1697 1334 1754 ortam

171 1811 256 1865 esse;
286 1789 362 1872 quia
391 1787 583 1872 significatio
614 1788 682 1852 eius
710 1811 775 1853 non
802 1796 908 1874 potest
937 1789 1028 1874 prius
1055 1789 1227 1854 exstitisse.
1238 1789 1261 1866 3)
1289 1792 1334 1868 (2)

173 1886 387 1970 significatio,
411 1886 471 1950 etsi
492 1907 557 1950 non
580 1885 700 1952 diserte
721 1887 894 1972 posteriori
915 1895 1061 1974 tempore
1083 1895 1155 1952 orta
1177 1910 1247 1954 esse
1270 1895 1333 1952 trae

173 1987 275 2068 ditur,
304 1987 433 2050 omnino
462 1984 504 2050 ab
531 1985 716 2053 auctoribus
739 1988 955 2072 posteriorum
983 1995 1165 2073 temporum
1188 1987 1335 2054 adhibita
1441 1986 1442 1990 ’

173 2109 244 2150 esse
267 2092 382 2172 potest.
427 2084 510 2148 Tum
533 2083 630 2171 plena
652 2085 844 2149 certitudine
866 2085 1017 2150 contendi
1039 2109 1102 2150 non
1125 2093 1240 2172 potest,
1263 2109 1334 2149 earn

171 2186 273 2272 priori
303 2191 410 2249 aetate
437 2185 502 2247 iam
536 2186 700 2270 cognitam
715 2185 825 2250 fuisse.
856 2189 899 2262 (3)
936 2186 972 2250 Si
1009 2189 1098 2250 euius
1130 2188 1178 2250 rei
1214 2187 1334 2272 signifi-

170 2287 314 2350 cationes
347 2283 529 2370 complures
552 2284 639 2370 apud
664 2287 838 2372 scriptores
861 2285 1012 2350 diversae
1035 2287 1151 2350 aetatis
1173 2286 1226 2350 vel
1250 2287 1334 2350 eius-

72 2461 76 2466 ,
167 2383 240 2449 dem
273 2384 388 2448 aetatis
416 2383 607 2467 obveniunt,
630 2408 733 2470 paene
756 2386 946 2450 audebimus
976 2386 1147 2464 affirmare,
1171 2409 1252 2469 eum,
1276 2388 1330 2472 qui

167 2507 266 2570 saepe
306 2482 442 2547 alteram
486 2483 666 2568 praeferat,
703 2507 868 2572 nunquam
905 2485 1008 2550 altera
1050 2509 1143 2550 usum
1178 2508 1257 2550 esse.
1292 2521 1333 2531 —-

167 2585 268 2658 Porro
307 2585 587 2670 grammatices
626 2585 772 2669 formae,
812 2608 874 2672 quo
915 2587 1020 2650 minus
1055 2587 1244 2671 cogitationi
1279 2585 1334 2649 de·
1378 2605 1379 2608 ’

168 2685 285 2750 bentur
305 2684 357 2758 (cf.
383 2707 412 2770 p.
437 2689 484 2750 19.
510 2689 580 2766 30),
607 2708 644 2749 eo
671 2685 806 2750 firmiori
839 2687 967 2751 vinculo
999 2686 1134 2752 liberam
1167 2687 1333 2772 scriptoris

170 2793 306 2850 mentem
330 2786 565 2869 constringunt.
608 2785 657 2849 Ne
680 2786 774 2872 plura
795 2795 1000 2872 repetantur,'
1017 2787 1077 2852 hoc
1099 2811 1197 2850 unum
1219 2810 1334 2871 quera·

168 2909 250 2969 mus,
272 2909 349 2948 num
372 2886 422 2948 aba
450 2892 481 2950 et
496 2886 589 2950 uam
613 2885 774 2950 secundae
797 2886 959 2970 classium,
980 2888 1014 2950 in
1037 2909 1118 2972 quas
1140 2886 1235 2951 modo
1255 2886 1333 2950 lexi-

170 2985 256 3050 calia
277 2984 626 3069 indiciadigessimus,
646 2986 890 3050 adnumeranda
912 2989 1004 3050 sint(
1029 2986 1277 3051 Concedendum
1300 2985 1335 3048 id

170 3107 249 3168 esse,
273 3085 462 3150 iudicamus.
506 3083 600 3168 Nam,
624 3087 753 3172 quando
776 3089 906 3151 nomina
931 3088 1062 3173 propria
1084 3094 1162 3150 nata
1192 3087 1264 3169 sint,
1288 3085 1334 3148 di-

170 3187 263 3250 sertis
280 3185 471 3248 testimoniis
486 3185 634 3250 traditur.
669 3185 808 3266 Quando
825 3195 932 3250 autem
949 3184 1150 3273 appellativa
1166 3194 1196 3249 et
1211 3185 1335 3249 formae

170 3308 272 3370 gram.
296 3293 367 3349 orta
389 3286 462 3369 sint,
486 3287 619 3371 cognosi
642 3310 704 3350 non
727 3293 843 3372 potest,
872 3289 935 3354 nisi
963 3288 1038 3351 inde
1066 3287 1151 3374 quod
1180 3288 1213 3349 in
1242 3287 1334 3350 libris

169 3386 386 3462 inveniuntur.
422 3384 544 3464 Quodsi
559 3387 652 3451 eam
668 3409 790 3472 paene
812 3387 876 3450 iarn
892 3409 1043 3450 unacum
1064 3389 1115 3450 ab«
1133 3410 1192 3451 usu
1208 3388 1335 3450 venisse

170 3492 310 3570 potest,
334 3490 453 3570 quanto
468 3485 573 3549 minus
588 3484 685 3549 idern
710 3493 844 3550 auctor
866 3492 1001 3572 utraque
1020 3487 1244 3570 coniugatione
1255 3509 1336 3571 usus

177 3671 387 3680 ———-—

239 3785 265 3852 1)
284 3781 387 3836 Parnm
408 3779 499 3851 igitur
527 3784 603 3838 reete
625 3782 752 3838 Kleinert
777 3801 805 3852 p.
831 3789 889 3839 151:
922 3797 987 3847 ,narr
1009 3785 1097 3848 kann,
1121 3784 1156 3838 da
1179 3802 1201 3838 e.
1224 3781 1243 3838 i.
1268 3782 1335 3836 dies.

169 3867 306 3938 Bedeutg.
319 3884 373 3922 nur
389 3867 462 3924 noch
474 3885 515 3936 ps.
526 3873 566 3932 58,
585 3873 600 3922 6
618 3867 677 3922 sich
695 3868 769 3932 find,
786 3868 886 3924 turdis
897 3868 973 3923 Krit.
983 3888 1010 3924 n.
1026 3869 1089 3924 and.
1101 3868 1155 3924 wie
1173 3885 1197 3924 e.
1214 3868 1336 3936 heperi,

170 3953 229 4007 also
242 3970 294 4022 gar
305 3951 384 4006 nicht
394 3951 413 4004 i.
425 3951 558 4008 Betraoht
568 3953 658 4007 kom.“
674 3984 703 3991 —
719 3956 744 4021 2)
756 3953 821 4006 Jam
831 3941 936 4008 Masius
951 3961 1014 4008 1574
1027 3960 1080 4024 p.2
1095 3955 1243 4024 (Hebrenu
1263 3953 1336 4007 Bon·

170 4039 270 4092 frerius
295 4043 358 4091 1625
385 4055 412 4106 p.
436 4042 467 4091 93
491 4037 624 4106 (Hebron,
647 4037 737 4104 Dan)';
767 4040 800 4094 et'.
824 4037 926 4094 Bethel
952 4039 1028 4108 (Lus)
1054 4039 1136 4092 Rcht.
1158 4045 1179 4102 1,
1198 4044 1242 4100 23;
1273 4039 1336 4091 Dan

171 4119 325 4190 lLeschem)
342 4119 398 4174 Jos.
423 4125 462 4186 19,
480 4127 525 4186 475
545 4122 679 4192 (Lajisch)
697 4116 786 4178 nent
802 4126 840 4187 18,
859 4128 904 4188 293
917 4123 1037 4178 Hebron
1057 4123 1200 4191 (limi-A.)
1218 4122 1274 4175 Jos.
1297 4126 1334 4184 14,

174 4213 215 4272 1e;
233 4207 339 4262 Horma
356 4205 430 4274 (Nm,
451 4211 490 4269 14,
508 4212 555 4270 453
574 4207 656 4262 Reht.
676 4210 851 4276 1,11r).—a)
870 4206 911 4260 Ea
928 4223 958 4262 re
975 4206 1085 4270 nititur,
1103 4207 1178 4276 qnod
1188 4205 1336 4262 Bandissin

174 4291 309 4362 explicuit
328 4290 423 4344 Schtirr
443 4290 538 4346 Theol.
557 4290 630 4346 Ltrz.
652 4297 715 4346 1876
734 4295 833 4346 contra
850 4293 977 4348 Kuenen.
1056 4337 1059 4344 .

986 4403 988 4407 ,
1095 4379 1129 4430 4*
