3232 5042
668 387 870 446 ..57-

187 546 341 630 subiacet,
356 545 435 612 illud
446 547 642 617 vocabulum
658 545 700 612 ab
714 545 826 614 Jesaia
842 557 984 611 creatum
1004 570 1084 630 esse,
1105 547 1342 635 reprobandam

187 671 258 712 cam
278 669 349 712 esse
372 648 529 713 existimo.
560 646 675 713 Nonne
697 647 781 711 enim
803 645 889 710 idem
911 645 991 711 illud
1012 646 1206 712 vocabulum
1228 648 1342 714 crebro

91 815 95 820 ,
186 749 260 812 viva
280 770 360 813 voce
383 745 563 812 adhibitum
580 769 651 811 esse
666 743 825 834 potest?¹)
841 741 964 812 -Nec
979 749 1094 830 magis,
1117 771 1213 836 quam
1236 751 1344 814 omnia

188 845 349 914 vocabula
371 847 423 912 vel
442 869 517 912 raro
540 845 592 910 vel
615 846 713 912 semel
739 847 942 911 occurrentia
964 845 1006 912 ab
1029 847 1214 913 auctoribus
1236 847 1344 914 efficta

189 957 271 1034 sunt,
289 949 397 1013 omnia
411 957 484 1012 sunt
499 947 691 1034 antiquioris
705 945 836 1032 linguae
848 946 984 1035 periodi,
998 946 1054 1012 scd
1065 970 1104 1012 ea
1119 970 1189 1012 esse
1201 956 1345 1034 possunt,

186 1071 269 1134 quae
290 1071 358 1113 rem
375 1047 627 1126 accuratissime,
649 1048 835 1129 fortissime,
851 1046 1067 1134 pulcherrime
1083 1047 1270 1133 depingunt.
1300 1047 1344 1113 Et

185 1147 360 1212 verisimile
383 1156 440 1224 est,
457 1147 570 1212 eadem
590 1145 631 1211 ab
651 1147 723 1213 aliis
739 1156 771 1212 et
791 1146 953 1236 loquendo
976 1154 1007 1212 et
1022 1146 1192 1213 scribendo
1214 1146 1257 1212 ad
1275 1169 1343 1212 eas-

185 1247 257 1312 dem
283 1271 335 1312 res
363 1247 593 1333 significandas
627 1247 730 1313 electa
761 1269 847 1331 esse;
880 1249 941 1313 etsi
969 1269 1073 1336 neque
1102 1247 1168 1313 ullo
1196 1255 1343 1336 tempore

183 1368 288 1435 neque
310 1348 395 1433 apud
419 1347 517 1413 ullum
534 1347 689 1436 populum
706 1348 846 1412 omnium
862 1355 941 1432 erat,
964 1348 1140 1434 aptissimis
1163 1347 1344 1436 quibusque

185 1447 477 1532 significationibus
496 1448 552 1530 uti,
569 1447 609 1512 cf.
632 1447 685 1512 vel
699 1446 893 1513 naturalium
915 1470 1024 1513 rerum
1039 1446 1090 1512 vel
1105 1447 1273 1532 regionum
1291 1446 1344 1512 vel
1409 1531 1410 1534 Ἴ

183 1548 362 1634 imaginum
385 1547 632 1636 descriptiones,
653 1569 736 1636 quae
752 1546 794 1612 ab
810 1545 995 1612 hominihus
1018 1545 1154 1616 rudibus
1177 1546 1343 1612 confectae

188 1653 273 1730 sunt,
297 1670 368 1712 cum
391 1649 441 1732 iis,
462 1671 545 1736 quae
568 1646 609 1713 ab
632 1645 816 1712 hominibus
838 1645 966 1712 illarum
990 1669 1097 1711 rerum
1120 1649 1240 1734 gnaris.

626 1977 901 2095 Conclusio.

267 2238 320 2302 Ad
342 2259 380 2303 ea
402 2239 553 2316 maxime,
576 2260 659 2326 quae
672 2238 722 2303 de
744 2238 825 2322 argi.
847 2236 927 2324 phil.
943 2243 1061 2302 natura
1083 2245 1114 2328 et
1136 2239 1169 2301 vi
1190 2236 1343 2302 disserui·

178 2359 264 2414 mus,
286 2341 558 2426 retrospicientes,
582 2361 620 2403 ea
637 2340 684 2403 sic
699 2337 841 2406 breviter
863 2335 1137 2424 comprehendere
1158 2359 1340 2424 possumus.

176 2437 368 2502 Invenimus
399 2440 555 2526 positive,
586 2439 771 2503 testimonia
796 2435 940 2522 linguae,
968 2444 1080 2524 utpote
1107 2458 1190 2526 quae
1211 2457 1277 2500 non
1299 2459 1339 2500 ex

177 2536 389 2602 meditatione
404 2537 463 2602 sed
478 2559 574 2602 cacco
588 2539 711 2624 impetu
726 2538 872 2602 nascitur
887 2544 919 2600 et
934 2535 1096 2623 corporali
1111 2536 1342 2600 exercitatione

179 2638 347 2724 animique
375 2637 581 2702 cohaerentia
608 2636 798 2702 obfirmatur
824 2644 856 2702 et
882 2645 989 2700 certus
1010 2635 1149 2702 hominis
1172 2634 1343 2702 character

177 2737 226 2818 fit,
249 2736 351 2824 probe
366 2736 491 2801 'idonea
524 2757 609 2814 esse,
631 2758 730 2824 quae,
760 2734 813 2800 vel
835 2734 1002 2800 exclusive
1024 2735 1076 2802 vel
1095 2736 1193 2822 longe
1215 2735 1342 2800 creber·

177 2838 262 2901 rimo
293 2835 334 2900 ab
365 2835 467 2901 altero
493 2835 641 2923 praelata
668 2835 711 2899 ab
737 2835 839 2900 altero
860 2835 1047 2921 repudiata,
1070 2857 1299 2923 personarum,
1322 2859 1343 2898 a

177 2934 297 3023 quibus
320 2935 407 3000 edita
430 2937 503 3018 sint,
526 2943 664 3000 aetatem
687 2943 719 3002 et
740 2957 907 3000 numerum
929 2933 1082 3000 indicent.
1123 2935 1341 3020 Cognovimus

176 3036 337 3120 negative,
358 3057 417 3099 nee
442 3057 547 3122 parva
569 3036 665 3122 copia
683 3045 739 3099 aut
761 3034 861 3100 dubia
876 3033 1032 3120 qualitate
1047 3034 1272 3099 discriminum
1287 3043 1342 3100 aut
1385 3029 1388 3038 ’

175 3134 289 3200 indole
310 3136 605 3221 manuscriptorum
627 3157 687 3199 nec
700 3135 867 3220 scriptoris
889 3143 1006 3198 natura
1028 3133 1261 3219 psychologica
1276 3135 1342 3198 vim

177 3257 289 3300 eorum
313 3234 355 3298 ad
377 3233 512 3299 nihilum
534 3233 648 3320 redigi.
658 3236 681 3312 ²)

248 3486 273 3552 1)
291 3483 350 3539 Nec
367 3486 473 3540 temere
491 3481 641 3538 traditioni
657 3481 778 3538 multum
796 3481 920 3538 tribuere
938 3480 1018 3536 nobis
1031 3480 1167 3546 videmur,
1185 3481 1219 3536 ct.
1232 3479 1282 3535 Ex.
1302 3486 1341 3546 12,

176 3575 210 3626 26
230 3587 278 3635 ss.;
307 3587 348 3639 ps.
367 3573 406 3636 78,
432 3573 511 3635 3—6;
542 3573 599 3633 102,
623 3573 662 3624 19.
691 3599 727 3608 -
744 3573 771 3634 2>
801 3568 870 3625 Fine
890 3565 979 3622 libelli
1001 3565 1070 3635 „Zur
1092 3567 1182 3638 Frage
1205 3566 1273 3650 phar
1296 3565 1341 3620 dio

177 3653 300 3709 Aechth.
313 3672 338 3707 v.
350 3652 405 3710 los.
416 3657 523 3718 40-66,
541 3652 588 3708 ein
603 3651 823 3710 real-kritischer
841 3651 974 3723 Beitrag“
986 3651 1099 3723 scripsit
1115 3650 1200 3707 hohr:
1224 3649 1342 3719 „Mithin

175 3739 274 3796 cerne
291 3737 383 3792 nichts
400 3737 439 3792 im
458 3738 547 3810 Wege
563 3737 690 3802 bleiben‚
712 3755 796 3794 unsar
812 3737 893 3794 Buch
917 3739 982 3795 dem
998 3738 1100 3808 Proph.
1120 3737 1176 3792 Jas.
1193 3737 1342 3801 zuauschr„

175 3826 221 3878 da
239 3823 368 3880 dicans
391 3821 703 3878 Verschiedenhott
724 3822 782 3879 der
811 3824 905 3880 Reda
935 3823 1127 3880 erhobenon
1156 3822 1342 3878 Einwtndc

176 3908 397 3980 nachgerade
419 3906 506 3962 wohl
520 3908 617 3986 jedes
636 3908 745 3964 Recht
761 3908 925 3966 verloren
941 3908 1052 3964 haben
1069 3908 1220 3976 dfirften,
1243 3906 1342 3962 tiber·

178 3993 294 4063 haupt
310 3992 578 4049 nochbeachtet
594 4009 631 4048 au
649 3992 790 4048 werden.
903 3983 906 3987 ’
938 3983 940 3990 ’
1055 3987 1058 3989 ’

647 4251 877 4264 -η-ηι-ι-ι--ι-ι-
