3232 5042
750 345 955 406 ...48-

271 505 299 567 is
320 505 392 589 ipse
414 502 488 566 odio
510 501 587 566 mali
610 525 645 566 se
667 502 804 581 cohibet,
829 504 928 568 tribui
958 505 1062 589 cupit:
1089 504 1329 588 interrogamus
1351 524 1433 596 eum,

272 623 379 666 noune
403 601 538 666 leonem'
558 600 678 666 deserti
705 600 841 666 liberum
865 603 1044 684 existimet,
1065 623 1261 688 quamquam
1288 603 1356 666 eius
1383 601 1434 664 vel

274 699 438 786 cupiditas
461 699 677 787 persequendi
703 701 866 765 interdum
892 701 1064 766 latitudine
1086 701 1177 764 fluvii
1197 701 1248 764 vel
1271 701 1435 787 appetitus

272 799 453 864 devorandi
478 822 631 864 mensura
663 802 891 864 necessitatum
926 823 1058 866 suarum
1091 808 1265 866 coercetur.
1312 799 1434 878 Quibus

272 898 395 964 ultimis
421 898 531 964 verbis
556 899 654 964 timor
683 897 778 964 simul
799 906 942 964 remotus
964 907 1027 984 est,
1049 922 1090 964 ne
1110 899 1245 964 libertas
1265 898 1435 983 scriptoris

274 998 341 1064 vim
366 998 448 1082 argi.
470 995 541 1083 phil
562 994 723 1061 radicitus
740 1019 894 1062 eversura
916 1000 966 1064 sit

356 1096 529 1160 Termini
550 1093 755 1160 libertatis
786 1097 1031 1182 scriptorum.
1075 1097 1124 1162 Ac
1146 1099 1283 1182 primum
1306 1094 1434 1182 quidem

273 1218 382 1260 rerum
404 1193 689 1282 exprimendarum
709 1193 899 1259 diversitate
921 1197 1062 1261 animum
1084 1198 1217 1277 moveri,
1239 1203 1275 1261 ut
1296 1195 1361 1260 alia
1379 1216 1434 1259 vo·

272 1293 391 1360 cabula
412 1293 520 1379 eligat,
542 1316 573 1381 p.
595 1302 631 1360 17
655 1317 697 1359 ss.
718 1293 789 1358 fuse
811 1297 994 1381 expositum
1017 1302 1074 1358 cst.
1103 1293 1230 1358 Ibidem
1252 1318 1317 1360 non
1335 1295 1435 1360 tacui-

275 1417 356 1476 mus,
380 1392 578 1470 disorimina,
600 1415 683 1479 quae
704 1416 725 1456 a
745 1416 850 1457 rerum
875 1392 1103 1480 discrepantiis
1126 1395 1283 1478 originem
1306 1393 1435 1474 ducant,

272 1514 376 1580 neque
397 1490 453 1556 illo
476 1513 579 1577 neque
600 1491 666 1556 ullo
689 1494 768 1577 argi.
789 1491 867 1578 phil.
889 1491 960 1556 loco
983 1491 1131 1558 adhiberi
1154 1515 1261 1580 posse.
1294 1493 1435 1558 Prorsus
1519 1553 1522 1560 .

273 1599 380 1656 autem
402 1590 490 1655 aliud
513 1599 571 1673 est,
594 1593 752 1656 varietate
773 1593 821 1656 rei
844 1591 1079 1656 describendae
1094 1593 1285 1678 scriptorem
1306 1591 1434 1674 adduci,

272 1699 308 1755 ut
342 1690 394 1754 hic
429 1689 475 1754 ibi
501 1689 565 1754 alio
592 1690 721 1755 dicendi
753 1713 871 1776 genere
898 1698 1028 1773 utatur,
1053 1692 1286 1778 grammaticae
1313 1691 1435 1755 formas

274 1789 436 1854 obsoletas
463 1791 496 1852 in
529 1789 631 1854 lucem
659 1789 844 1876 protrahat,
876 1789 940 1856 alio
969 1790 1076 1856 colore
1103 1791 1270 1854 enuntiata
1295 1789 1435 1874 intingat

274 1897 370 1976 atque
389 1889 473 1952 inter
489 1911 523 1952 se
539 1889 724 1974 coniungat,
737 1888 915 1954 rhetoricas
932 1889 1071 1978 denique
1086 1890 1210 1976 figuras
1223 1889 1278 1954 vel
1289 1888 1435 1954 erebrius

272 1987 324 2052 vel
359 1989 465 2051 rarius
501 1988 690 2054 immisceat.
737 1987 804 2052 Sed
829 1990 1018 2074 priusquam
1054 1988 1189 2054 concedi
1219 1989 1340 2076 possit,
1371 1987 1436 2052 alia

231 2157 234 2162 ,
273 2089 410 2152 materia
432 2095 571 2151 mentem
595 2088 763 2173 scriptoris
782 2087 913 2154 ductam
929 2111 1013 2154 esse:
1035 2088 1069 2154 id
1090 2077 1197 2174 ipsum
1213 2087 1435 2154 demonstran·
1513 2083 1517 2089 ’

274 2187 349 2252 dum
372 2197 434 2270 est,
456 2183 612 2251 materiae
633 2209 735 2272 genus
758 2186 845 2252 aliud
868 2188 990 2253 factum
1013 2210 1092 2254 esse.

355 2285 451 2364 Quod
473 2308 544 2350 cum
566 2284 757 2372 plerumque
779 2286 850 2351 fieri
872 2294 1020 2373 nequeat,
1043 2286 1210 2369 dixerunt,
1236 2310 1257 2351 a
1278 2287 1435 2372 scriptore

274 2393 450 2474 propterea
478 2385 615 2450 formam
648 2393 804 2451 mutatam
828 2409 913 2470 esse,
937 2387 1023 2474 quod
1046 2385 1128 2450 alias
1149 2385 1224 2450 libri
1248 2393 1357 2472 partes
1381 2385 1436 2449 ali·

273 2509 327 2550 um
349 2484 391 2550 ad
413 2485 508 2550 finem
531 2482 768 2572 assequendum
796 2487 988 2572 scripsisset.
1031 2485 1134 2550 Nemo
1160 2485 1195 2550 id
1214 2485 1330 2550 fortius
1353 2506 1437 2549 asse·

250 2658 252 2664 s
273 2585 403 2649 voravit
424 2592 455 2649 et
477 2583 651 2648 dilucidius
676 2586 847 2670 exposuit,
869 2607 966 2672 quam
988 2583 1191 2650 Hcelemann
1216 2588 1296 2650 1862
1316 2583 1435 2648 disser-

273 2686 408 2768 tatione,
438 2705 520 2772 quae
543 2682 790 2768 diligentissime
811 2683 1023 2770 expendatur,
1048 2683 1251 2770 dignissima.
1295 2683 1433 2748 Tantum

275 2784 362 2848 anim
384 2784 486 2868 abest,
508 2789 543 2846 ut
566 2781 662 2848 Geos.
684 2784 792 2848 varias
807 2790 917 2870 partes
934 2781 1109 2849 secundum
1125 2784 1264 2848 formam
1279 2782 1435 2868 distingui

273 2904 371 2968 posse
398 2890 508 2968 neget,
538 2889 586 2966 ut,
618 2881 735 2968 quibus
762 2883 797 2945 in
831 2879 928 2946 rebus
957 2881 1156 2967 discrepent,
1193 2885 1435 2950 accuratissime

274 2989 305 3046 et
326 2980 579 3046 luculentissime
606 2980 824 3067 descripserit.
869 2981 994 3045 Novam
1022 2989 1129 3046 autem
1150 2983 1239 3046 viam
1261 2983 1308 3048 rei
1333 2983 1434 3068 expli·

275 3079 399 3145 candae
419 3079 585 3164 ingressus
604 3087 661 3146 est.
704 3080 812 3166 Negat
839 3081 939 3163 enim,
967 3078 1056 3144 illam
1078 3083 1275 3146 narrationis
1296 3084 1434 3148 varieta-

273 3187 338 3244 tem
361 3202 380 3243 a
402 3202 613 3266 personarum
637 3178 825 3245 diversitate
849 3179 1028 3266 profectam
1051 3201 1131 3262 esse,
1156 3178 1212 3244 sed
1235 3167 1434 3261 advenum,

275 3300 369 3366 quem
392 3280 506 3343 unicus
530 3286 643 3344 auctor
665 3279 727 3342 sibi
750 3265 966 3365 proposuerit,
988 3277 1084 3342 finem
1102 3278 1335 3344 conformatam
1355 3303 1434 3347 esse.

276 3377 407 3443 Scilicet
429 3377 566 3442 eundem
589 3385 752 3442 auctorem
776 3377 865 3464 apud
881 3400 915 3442 se
931 3377 1145 3460 constituisse,
1164 3385 1199 3442 ut
1212 3386 1313 3442 totam
1328 3402 1434 3445 rerum

275 3475 513 3540 narrandarum
534 3477 663 3564 copiam
692 3478 773 3542 duas
795 3478 828 3540 in
851 3485 964 3564 partes
988 3486 1156 3563 separaret
1178 3485 1217 3554 et,
1239 3500 1322 3564 quae
1345 3501 1434 3542 mun-

275 3575 312 3666 di,
331 3597 369 3639 ac
391 3575 489 3639 totius
511 3577 639 3661 generis
662 3571 793 3640 humani
808 3575 977 3640 historiam
994 3585 1189 3662 spectarent,
1203 3577 1243 3640 iis
1260 3577 1435 3664 suppleret,

275 3697 356 3762 quac
379 3674 533 3761 populum
557 3674 693 3739 electum
717 3684 748 3739 et
769 3673 1008 3739 revelationem.
1039 3677 1139 3760 Atqui
1155 3675 1235 3740 baec
1250 3674 1313 3740 illis
1329 3678 1434 3762 magis

274 3797 330 3838 cor
350 3775 524 3838 humanum
548 3795 752 3838 commovere
774 3781 805 3836 et
826 3775 931 3858 magis
946 3797 1040 3858 nova,
1057 3775 1221 3861 specialia,
1236 3776 1435 3840 versicolora

274 3895 360 3955 esse,
382 3895 459 3937 num
480 3873 580 3958 igitur
602 3873 720 3936 mirum
742 3880 837 3955 esset,
854 3873 940 3957 quod
956 3873 1054 3937 aliam
1069 3896 1186 3938 novam
1202 3875 1340 3938 formam
1354 3897 1434 3962 prae

274 3994 309 4038 se
331 3971 473 4037 ferrent?
486 4008 529 4018 -
543 3971 627 4038 (lum
646 3979 752 4035 autem
773 3993 885 4058 neque,
901 3979 1065 4036 auctorem
1081 3973 1114 4036 iu
1132 3972 1183 4038 Gi.
1201 3973 1434 4038 conscribenda

274 4094 384 4136 omnes
406 4094 458 4136 res
479 4073 513 4136 in
535 4069 702 4156 generales
724 4077 756 4134 et
778 4069 935 4156 speciales
958 4070 1144 4156 digessisse,
1163 4095 1266 4160 neque
1281 4071 1356 4136 inde
1373 4072 1434 4136 dis-

274 4173 411 4236 crimina
432 4171 562 4256 linguae
583 4192 810 4257 promanasse,
846 4169 972 4236 ostendi
1000 4171 1120 4257 possit:
1147 4193 1188 4235 ne
1209 4170 1432 4236 Hoelemanno

275 4269 405 4358 quidem
427 4271 572 4354 contigit,
594 4277 630 4333 ut
650 4268 874 4334 difficultatem
896 4279 1087 4335 removeret.
