3232 5042
787 325 994 386 ..352

309 487 427 566 potest,
455 503 493 545 ea
520 504 584 546 non
613 481 679 546 alia
706 505 833 569 quoque
861 492 967 548 aetate
988 485 1117 548 invecta
1148 504 1219 546 esse
1241 505 1347 568 posse.
1390 481 1475 546 Inde

311 589 429 664 autem,
452 580 538 667 quod
559 581 749 666 peregrinae
770 581 901 666 linguae
925 588 1033 667 partes
1061 581 1214 666 usurpari
1242 604 1307 645 non
1327 590 1476 667 possunt,

310 679 374 742 nisi
395 701 458 744 non
486 677 589 744 solum
617 680 791 764 scriptores
820 678 877 743 sed
911 681 1006 745 etiam
1029 678 1166 743 lectores
1195 700 1250 743 cas
1278 679 1475 764 intelligunt,

311 799 422 842 aarum
442 779 492 842 vis
514 801 625 842 rursus
648 777 771 865 aliquid
793 780 983 844 incrementi
999 779 1125 864 accipit.
1163 777 1338 864 Speciatim
1361 778 1402 842 de
1423 780 1474 844 in-

312 877 407 942 diciis
430 899 500 941 oum
517 876 590 942 aliis
604 876 723 962 linguis
740 878 893 942 semiticis
916 879 1062 962 cognatis
1077 877 1158 942 haec
1176 877 1252 942 addi
1275 901 1339 942 non
1362 901 1475 964 super·

309 999 490 1042 vacaneum
513 999 584 1041 esse
597 976 735 1042 videtur.
772 977 854 1040 Nam
870 977 912 1041 ad
928 999 1038 1042 eorum
1053 978 1118 1040 vim
1135 976 1319 1042 diluendam
1338 978 1478 1042 fortasse

308 1075 470 1161 quispiam
487 1073 616 1157 dixerit,
640 1076 724 1140 inter
742 1097 797 1140 eas
812 1074 941 1160 linguas
962 1097 1027 1138 non
1042 1081 1165 1138 tantum
1181 1074 1355 1140 discrimen
1378 1078 1476 1142 inter-

310 1173 438 1252 cedere,
466 1181 501 1237 ut
529 1196 592 1239 non
620 1173 813 1260 quibusdam
842 1175 875 1238 in
906 1173 1004 1238 rebus
1039 1196 1135 1260 pares
1167 1174 1295 1240 fuerint.
1340 1174 1404 1240 Sed
1436 1199 1477 1239 ea

307 1273 532 1359 propinquitas
554 1274 659 1337 minus
681 1274 714 1338 in
736 1295 772 1337 re
793 1275 867 1359 ipsa
882 1295 977 1360 quam
1002 1273 1036 1336 in
1057 1272 1132 1336 idea
1153 1273 1292 1336 inveniri
1307 1282 1423 1358 potest,
1447 1277 1476 1338 si

308 1371 437 1458 quidem
461 1371 503 1436 ad
526 1372 654 1437 radices
677 1381 708 1437 et
725 1395 866 1436 summas
882 1372 1045 1437 formandi
1065 1395 1194 1436 normas
1216 1375 1473 1458 retrospicimus.

309 1471 367 1537 Sin
389 1479 494 1535 autem
511 1473 642 1554 formas,
659 1494 741 1556 quae
761 1494 877 1535 revera
892 1495 953 1536 usu
967 1473 1110 1553 veniunt,
1129 1479 1266 1557 spectas,
1283 1480 1349 1536 tum
1366 1476 1475 1538 omnia

309 1577 384 1634 suut
406 1570 550 1645 diversam
574 1572 651 1657 quia
673 1573 797 1634 cunctis
820 1569 967 1655 partibus
995 1570 1029 1633 id
1057 1569 1197 1654 sigillum
1221 1573 1315 1656 quasi
1339 1572 1474 1658 impres-

308 1691 378 1733 sum
402 1677 459 1748 est,
475 1669 562 1755 quod
584 1671 738 1755 cuiusque
760 1669 890 1754 linguae
906 1670 1075 1754 proprium
1098 1679 1156 1734 est.
1171 1706 1212 1715 —
1226 1670 1351 1734 Earum
1368 1680 1475 1736 autem

305 1768 494 1851 formarum,
518 1791 601 1854 quae
622 1768 861 1834 Aramaismi
891 1778 1127 1853 nuncupantur,
1151 1768 1235 1833 duae
1255 1769 1377 1834 classes
1400 1791 1474 1834 con·
1503 1807 1513 1824 ι

307 1869 396 1932 stitui
418 1877 561 1954 possunt.
604 1868 700 1932 Prior
721 1866 892 1944 (lexioalis)
914 1867 1048 1930 minoris
1081 1869 1283 1932 auctoritatis
1313 1880 1372 1952 est,
1397 1871 1475 1956 quia

307 1965 419 2031 eadem
441 1967 548 2046 radix,
570 1989 653 2054 quae
667 1966 839 2030 Aramaeis
861 1967 981 2029 usitata
1003 1975 1068 2048 est,
1091 1966 1144 2029 vel
1166 1967 1230 2030 iam
1253 1967 1329 2032 inde
1349 1969 1391 2033 ab
1414 1993 1469 2033 an-

305 2066 395 2149 tiquo
418 2071 563 2151 tempore
584 2065 635 2129 vel
657 2066 780 2129 incerto
799 2085 841 2127 ex
861 2072 1007 2148 temporo
1038 2065 1135 2127 etiam
1157 2063 1318 2129 Hebraeis
1341 2069 1473 2152 cognita

306 2185 377 2227 esse
404 2172 542 2250 potest.
597 2162 764 2228 Posterior
798 2161 1077 2247 (grammaticalis)
1117 2185 1178 2226 non
1214 2163 1316 2228 solum
1353 2167 1474 2232 formas

305 2263 539 2358 complectitur,
568 2285 659 2350 quae,
686 2271 909 2327 veterascente
942 2261 1054 2348 lingue
1085 2262 1172 2347 hur,
1205 2263 1321 2328 iisdem
1347 2266 1473 2331 viribus

305 2363 400 2427 etad
422 2363 553 2428 easdem
575 2363 677 2448 leges,
701 2385 783 2449 quae
811 2363 845 2424 in
874 2384 973 2426 aram.
1001 2361 1261 2439 dominabantur,
1285 2365 1473 2450 productae,

307 2482 419 2525 rursus
441 2460 483 2526 ab
495 2461 711 2525 Aramaismis
728 2459 944 2524 secludendae
959 2467 1042 2542 sunt,
1059 2459 1116 2523 sed
1132 2461 1229 2549 etiam
1245 2463 1377 2545 formas,
1391 2486 1473 2548 quae

304 2583 369 2625 non
391 2583 429 2624 eo
450 2559 547 2624 modo
570 2561 763 2624 exstiterunt
782 2557 839 2622 sed
861 2557 993 2622 aliunde
1014 2559 1164 2621 invectae
1187 2569 1270 2625 sunt.

388 2658 568 2724 Plurimum
591 2658 791 2722 auctoritatis
813 2658 854 2720 iis
881 2656 1011 2720 indiciis
1033 2655 1242 2720 tribuendum
1265 2667 1330 2734 est,
1355 2660 1472 2746 quibus

307 2757 420 2822 variae
442 2754 586 2820 eiusdem
607 2753 740 2840 linguae
755 2753 883 2840 periodi
902 2753 1103 2818 dirimuntur.
1125 2752 1227 2818 Plura
1240 2755 1316 2821 vide
1334 2780 1363 2842 p.
1380 2762 1430 2824 37.

385 2854 489 2919 Porro
506 2875 570 2917 non
585 2850 841 2916 obliviscendum
856 2861 913 2933 est,
930 2852 1134 2916 creberrimis
1143 2851 1326 2940 quibusque
1340 2854 1468 2939 linguae

305 2951 456 3040 partibus
478 2949 554 3014 inde
575 2949 710 3014 multum
725 2950 880 3036 ponderis
902 2972 1099 3025 accrescere,
1124 2950 1209 3036 quod
1227 2954 1417 3038 saepissime
1439 2963 1470 3018 et

302 3052 414 3117 intime
441 3073 515 3115 oum
544 3057 610 3114 toto
640 3050 870 3134 cogitationum
899 3048 1022 3113 ambitu
1050 3057 1331 3133 coagmentantur3
1360 3075 1468 3138 quam-

304 3174 401 3240 quam
415 3151 587 3216 varietatis
604 3149 710 3215 studio
724 3172 815 3214 mens
831 3149 969 3236 denique
986 3149 1148 3214 stimulari
1163 3160 1280 3234 potest,
1297 3163 1333 3216 ut
1348 3152 1469 3218 formas

303 3252 401 3316 nimis
433 3273 532 3336 saepe
563 3259 770 3315 occurrentes
798 3250 945 3315 fastidiat
974 3257 1006 3314 et
1036 3251 1130 3313 novis
1159 3261 1329 3334 permutet.
1378 3253 1470 3332 Quae

303 3353 405 3436 igitur
431 3351 573 3438 partium
604 3349 872 3414 creberrimorum
906 3372 1016 3413 aurem
1050 3348 1242 3436 oculumque
1271 3351 1466 3432 (scribentis)

304 3453 436 3515 minime
459 3451 621 3534 stringunt
638 3459 670 3513 et
691 3449 874 3534 loquentem
895 3449 1028 3512 minime
1051 3447 1240 3533 defatigant,
1264 3462 1337 3515 sunt
1359 3455 1467 3516 certis-

303 3553 388 3616 sima
415 3551 609 3615 testimonia.
631 3587 673 3596 -
699 3549 762 3613 Per
786 3571 820 3612 se
842 3547 940 3632 plane
969 3546 1146 3612 omittenda
1173 3558 1248 3613 sunt
1270 3550 1466 3633 discrimina,

303 3673 386 3738 quae
413 3650 502 3738 apud
531 3649 669 3715 eundem
700 3650 889 3734 scriptorem
917 3648 1083 3734 leguntur,
1113 3656 1148 3713 ut
1175 3665 1209 3714 ur
1233 3671 1269 3729 ps
1293 3660 1324 3716 et
1347 3667 1405 3718 orn
1428 3653 1468 3716 of.

302 3772 388 3832 „von
409 3749 504 3814 dem“
526 3756 557 3814 ct
575 3746 707 3832 „vorn“;
739 3749 803 3811 nisi
833 3746 916 3812 forte
943 3746 1043 3812 altera
1072 3749 1176 3814 forma
1204 3748 1305 3814 multo
1338 3753 1467 3838 saepius

303 3872 403 3937 quam
426 3849 528 3916 altera
551 3851 698 3914 occmrit.
717 3883 755 3893 -
777 3847 900 3930 Restat,
924 3857 960 3912 ut
980 3848 1183 3930 adiiciamus,
1206 3871 1247 3912 ex
1265 3849 1381 3934 gradu,
1405 3875 1466 3938 quo

302 3950 425 4012 formae
447 3950 530 4011 inter
553 3969 587 4010 se
603 3945 764 4029 differunt,
789 3947 904 4010 ooniici
920 3968 1026 4032 posse,
1043 3953 1163 4032 quanto
1180 3951 1337 4032 temporis
1360 3951 1465 4035 spatio

302 4050 469 4112 interiecto
494 4044 639 4130 singulae
662 4047 855 4109 exstiterint.

386 4146 418 4225 d)
445 4144 528 4210 Cum
549 4143 635 4208 illius
658 4142 821 4208 intervalli
841 4143 1020 4228 longitudo,
1049 4154 1084 4207 ut
1111 4167 1151 4207 ex
1175 4167 1326 4210 mensura
1348 4149 1465 4232 (modo,

303 4246 480 4336 qualitate),
509 4247 556 4308 sio
582 4267 622 4309 ex
646 4245 742 4331 eopia
763 4245 967 4330 (quantitate)
999 4245 1192 4308 varietatum
1214 4246 1370 4331 pendeat,
1394 4249 1464 4314 roli-
