3232 5042
646 371 851 436 ..31-

166 535 325 601 diciorum
338 543 449 622 partes
467 536 501 599 in
516 533 739 600 discernendis
757 534 893 620 singulis
908 534 1097 599 auctoribus
1113 542 1145 599 et
1166 533 1328 598 aetatibus

164 633 402 722 propemodum
425 634 620 699 seinvicem
643 632 820 698 excludant
841 641 873 697 et
895 633 1076 720 suppleant.

247 734 376 799 Deinde
404 732 633 820 explicandum
661 744 724 815 est,
752 755 810 797 cur
838 733 1018 798 formarum
1045 735 1328 798 artefactarum

164 836 342 900 auctoritas
363 857 449 898 nuuc
467 857 487 898 a
501 833 595 899 nobis
610 834 644 897 in
659 832 792 898 dubium
816 842 931 900 vocata
953 834 1003 898 sit.
1032 833 1115 898 Eam
1137 833 1177 898 ob
1194 845 1326 898 causam

163 935 228 1000 illis
251 935 323 1022 plus
345 934 436 1000 dubii
450 936 556 999 inesse
571 934 709 1017 videtur,
726 935 803 1021 quia
818 933 947 1000 facilius
963 957 1061 1022 quam
1082 934 1206 999 formae
1226 934 1328 1017 (vere)

163 1035 323 1120 lingualcs
350 1057 370 1099 a
398 1034 548 1121 pluribus
582 1034 730 1120 personis
762 1031 816 1097 vel
851 1033 996 1098 eiusdem
1022 1033 1074 1098 vel
1102 1031 1328 1098 alius'aetatis

165 1135 347 1220 excogitari
375 1143 526 1220 possunt;
554 1155 748 1220 quamquam
774 1134 807 1196 in
837 1134 877 1198 iis
908 1155 1034 1220 quoque
1061 1132 1221 1219 lingendis
1252 1155 1328 1198 suas

165 1235 303 1322 quisquc
326 1235 466 1320 scriptor
486 1241 518 1298 et
539 1232 689 1320 quodque
716 1232 879 1298 saecrdum
903 1235 1046 1320 sequitur
1070 1231 1336 1313 consuetudines..

164 1373 204 1382 -
232 1334 315 1400 Cum
341 1335 455 1400 formis
485 1334 650 1398 antefactis
676 1332 920 1419 coniungendae
948 1345 1022 1398 sunt
1043 1337 1269 1420 expressiones
1292 1343 1324 1398 et

164 1434 288 1498 formae
318 1433 370 1497 vel
398 1455 485 1498 raro
515 1432 568 1497 vel
590 1431 706 1497 semel
728 1440 998 1498 occurrentes.
1043 1432 1126 1497 Nam
1149 1432 1327 1498 secundum

167 1557 280 1599 earum
301 1557 427 1620 quoque
455 1533 506 1597 vel
527 1534 741 1619 frequentiam
769 1531 821 1596 vel
843 1533 1009 1598 raritatem
1036 1534 1210 1622 scriptores
1230 1533 1326 1614 (eius-

168 1633 243 1698 dem
265 1635 408 1698 maximo
430 1632 569 1718 periodi)
592 1635 674 1697 inter
698 1653 732 1697 se
752 1631 909 1718 distingui
931 1644 1078 1719 possunt,
1104 1634 1225 1720 quippe
1245 1655 1329 1721 quae

165 1732 322 1820 prodant,
347 1732 479 1797 alterius
506 1733 648 1796 animum
681 1730 723 1795 ad
751 1754 844 1796 raras
873 1733 995 1796 formas
1022 1731 1228 1818 usurpandas
1254 1755 1328 1819 pro·

165 1855 302 1920 pensum
330 1855 415 1915 esse,
445 1832 578 1896 alterius
604 1831 657 1895 vel
682 1853 747 1896 non
773 1833 827 1896 vel
854 1835 969 1898 minus.
1018 1830 1140 1897 Omnes
1168 1834 1254 1896 enim
1275 1856 1328 1897 res

165 1934 291 1998 ratione
313 1955 399 1998 nova
419 1933 472 1997 vel
495 1931 607 1996 saltem
623 1933 706 1995 mira
721 1933 904 2018 exprimere
919 1933 1088 2018 scriptoris
1103 1931 1237 1996 alicuius
1253 1955 1327 2018 pro·

165 2035 273 2119 prium
295 2055 366 2097 esse
381 2041 489 2118 potest
503 2051 706 2095 necnecesse
729 2040 786 2110 est,
808 2053 880 2094 eum
902 2032 1044 2094 maxime
1058 2030 1177 2096 nedum
1200 2032 1328 2096 omnino

164 2133 310 2196 novitate
331 2130 384 2195 vel
405 2133 539 2195 raritate
557 2152 665 2193 rerum
688 2127 730 2193 ad
755 2151 858 2194 novas
878 2128 931 2193 vel
952 2151 1043 2194 raras
1064 2129 1185 2194 formas
1209 2129 1328 2214 eligen-

166 2229 225 2295 das
253 2229 428 2294 adductum
455 2230 570 2309 esse.¹)
616 2228 698 2294 Inde
724 2231 843 2306 elucet,
873 2251 931 2293 suo
957 2230 1028 2293 iure
1049 2227 1328 2294 Pustkuchenium

164 2329 456 2416 hapaxlegomenis
488 2327 623 2393 multum
650 2327 819 2406 tribuisse3
847 2351 1043 2415 quamquam
1071 2327 1122 2392 his
1145 2327 1272 2394 duabus
1294 2330 1328 2392 in

163 2430 261 2494 rebus
284 2430 416 2505 erravit,
443 2437 475 2493 et
490 2428 576 2516 quod
591 2427 728 2494 aliorum
742 2428 873 2513 linguae
888 2427 1083 2493 indiciorum
1101 2433 1326 2494 auctoritatem

164 2530 350 2595 auctoritati
364 2528 716 2616 hapaxlegomenorum
732 2529 923 2615 postposuit,
945 2538 977 2592 ct
992 2528 1078 2616 quod
1093 2549 1135 2592 ex
1150 2528 1200 2592 his
1223 2537 1328 2592 aeta·
1379 2579 1381 2581 -

163 2638 237 2694 tem
260 2629 402 2692 maxime
424 2627 500 2692 libri
523 2629 675 2711 cognosci
697 2649 794 2713 posse
816 2627 966 2713 opinatus
988 2635 1046 2692 est.
1090 2625 1139 2692 Of.
1161 2649 1192 2713 p.
1215 2631 1264 2694 63.

246 2727 425 2814 Postquam
453 2728 550 2792 etiam
578 2727 632 2791 hic
653 2727 774 2792 formas
802 2749 844 2790 ex
866 2726 1068 2812 singulorum
1090 2726 1254 2792 hominum
1276 2728 1328 2792 in·
1375 2729 1378 2735 ’

163 2829 260 2913 genio
282 2826 526 2913 proficiscentes
549 2827 767 2914 seposuimus,
790 2827 887 2891 etiam
910 2849 1039 2911 eorum,
1063 2849 1146 2914 quae
1168 2849 1233 2892 non
1254 2826 1328 2914 phi·

162 2927 350 3014 losophiam
370 2926 426 2992 sed
447 2926 592 3012 linguam
607 2926 747 2991 hominis
764 2933 952 3013 spectares.
974 2949 1045 3010 non,
1054 2927 1255 2992 meditationi
1271 2927 1329 2991 sed

164 3049 260 3093 coeco
290 3026 445 3112 imprdsui
477 3027 618 3091 nationis
654 3025 766 3090 deberi
798 3024 941 3090 secunda
968 3025 1206 3090 dissertationis
1234 3037 1328 3111 parte
1363 3029 1365 3032 ’

163 3127 467 3208 demonstravimus,
491 3125 575 3190 duae
597 3125 718 3189 classes
734 3123 980 3190 constituendae
1004 3134 1084 3188 sunt
1125 3124 1209 3188 Nam
1231 3127 1327 3189 etiam

163 3227 356 3296 indiciorum
382 3225 571 3310 lingualiunr
607 3224 710 3288 altera
741 3225 883 3288 animum
912 3223 1050 3288 hominis
1079 3223 1198 3305 solum,
1225 3223 1329 3289 altera

163 3334 264 3391 totam
292 3327 361 3389 eius
389 3334 540 3388 naturam
568 3323 624 3388 sed
651 3344 768 3409 corpus
798 3324 1001 3410 potissimum
1030 3331 1187 3410 spectant.
1236 3322 1329 3404 Quae

163 3426 267 3490 altera
282 3424 404 3489 indicia
418 3423 471 3488 hio
485 3423 532 3488 ibi
551 3422 680 3488 anobis
703 3424 839 3510 propri
850 3445 868 3487 e
879 3422 1047 3508 lingualia
1062 3425 1229 3490 nominata
1246 3434 1327 3488 sunt.

163 3527 258 3591 Nunc
287 3523 441 3590 nonnulla
471 3524 511 3588 de
539 3533 676 3612 utraque
705 3521 824 3606 classe,
859 3521 917 3586 sed
945 3524 1123 3610 praecipue
1158 3523 1198 3589 de
1226 3523 1330 3590 altera

110 3689 113 3694 .
164 3625 323 3691 addimus.
877 3691 879 3694 ,

249 3725 281 3806 a)
303 3722 375 3788 Non
391 3721 609 3804 meditatione,
626 3722 683 3786 scd
697 3723 819 3808 partim
841 3721 967 3805 origine
988 3722 1062 3807 ipsa
1078 3721 1195 3807 partim
1218 3743 1328 3786 assue-

164 3822 290 3906 tudine,
314 3823 563 3904 exercitatione,
591 3819 706 3884 crebro
736 3841 796 3883 usu
824 3821 943 3904 partim
971 3819 1275 3903 studioffivarietatis
1297 3836 1329 3889 et

233 4073 257 4142 1)
277 4071 310 4127 cf.
329 4064 494 4144 κράβαττος
510 4067 562 4122 Μ1.
580 4072 603 4133 t,
622 4073 650 4132 43
670 4072 693 4131 6,
712 4073 756 4130 55;
785 4066 867 4133 κλίνη
884 4065 933 4120 Mt.
952 4071 975 4132 9,
996 4072 1023 4132 1;
1047 4067 1112 4122 Luc.
1131 4073 1154 4133 5,
1176 4073 1218 4134 18;
1244 4086 1329 4137 quam

167 4173 274 4226 paucae
297 4155 404 4210 formae
421 4152 523 4208 loanni
541 4149 712 4214 suffecerint,
733 4149 798 4204 vids
816 4167 860 4218 ap.
884 4147 987 4216 Godct,
1012 4150 1086 4206 Com.
1105 4151 1126 4206 1.
1145 4169 1172 4222 p.
1193 4157 1248 4206 101.
1270 4157 1328 4222 117;

166 4257 248 4308 quam
268 4238 366 4294 multis
387 4236 537 4308 hapaxlcg.
562 4233 643 4289 Pauli
666 4233 802 4304 epistolae
830 4233 988 4300 abundent,
1015 4253 1040 4290 v.
1063 4251 1107 4305 ap.
1130 4237 1174 4291 W.
1197 4235 1323 4290 Schmidt

166 4323 331 4393 Ephcserbr.
350 4341 377 4392 p.
395 4327 428 4378 26
447 4322 500 4392 (ad.
516 4320 576 4376 Gal.
595 4325 640 4386 5⁰5
658 4318 694 4372 ad
712 4318 783 4388 Eph.
802 4318 832 4372 et
850 4316 908 4374 Col.
926 4319 1000 4375 circa
1018 4323 1085 4388 140).
1142 4389 1145 4396 .
